@inproceedings{holder,
 author = {Holder, William and McDonald, J. Todd and Andel, Todd R.},
 title = {Evaluating Optimal Phase Ordering in Obfuscation Executives},
 booktitle = {Proceedings of the 7th Software Security, Protection, and Reverse Engineering / Software Security and Protection Workshop},
 series = {SSPREW-7},
 year = {2017},
 isbn = {978-1-4503-5387-8},
 location = {Orlando, FL, USA},
 pages = {6:1--6:12},
 articleno = {6},
 numpages = {12},
 url = {http://doi.acm.org/10.1145/3151137.3151140},
 doi = {10.1145/3151137.3151140},
 acmid = {3151140},
 publisher = {ACM},
 address = {New York, NY, USA},
 keywords = {Obfuscation, obfuscation executive, phase ordering, software protection, symbolic execution},
} 

@inproceedings{heffner,
  title={The obfuscation executive},
  author={Heffner, Kelly and Collberg, Christian},
  booktitle={International Conference on Information Security},
  pages={428--440},
  year={2004},
  organization={Springer}
}

%%%% Obfuscation in general %%%%

@techreport{collberg1997taxonomy,
  title={A taxonomy of obfuscating transformations},
  author={Collberg, Christian and Thomborson, Clark and Low, Douglas},
  year={1997},
  institution={Department of Computer Science, The University of Auckland, New Zealand}
}

@INPROCEEDINGS{7174810, 
author={S. Banescu and M. Ochoa and A. Pretschner}, 
booktitle={2015 IEEE/ACM 1st International Workshop on Software Protection}, 
title={A Framework for Measuring Software Obfuscation Resilience against Automated Attacks}, 
year={2015}, 
pages={45-51}, 
keywords={cryptography;industrial property;software reliability;attacker protection;automated attack;critical data secret;cryptography;deobfuscation;formal model;intellectual property;software obfuscation resilience measure;symbolic execution;Ciphers;Concrete;Encoding;Licenses;Software;Virtualization;deobfuscation;obfuscation;symbolic execution}, 
doi={10.1109/SPRO.2015.16}, 
month={May},}

@INPROCEEDINGS{5090041, 
author={M. Ceccato and M. Di Penta and J. Nagra and P. Falcarin and F. Ricca and M. Torchiano and P. Tonella}, 
booktitle={2009 IEEE 17th International Conference on Program Comprehension}, 
title={The effectiveness of source code obfuscation: An experimental assessment}, 
year={2009}, 
pages={178-187}, 
keywords={Java;security of data;Java code;protection mechanism;software protection;software system;source code obfuscation techniques;Application software;Automatic control;Data structures;Encoding;Java;Performance analysis;Protection;Reverse engineering;Software measurement;Software systems;Empirical studies;Program comprehension;Software Obfuscation}, 
doi={10.1109/ICPC.2009.5090041}, 
ISSN={1092-8138}, 
month={May},}

@article{Ceccato:2014:FEA:2630428.2630475,
 author = {Ceccato, Mariano and Penta, Massimiliano and Falcarin, Paolo and Ricca, Filippo and Torchiano, Marco and Tonella, Paolo},
 title = {A Family of Experiments to Assess the Effectiveness and Efficiency of Source Code Obfuscation Techniques},
 journal = {Empirical Softw. Engg.},
 issue_date = {August    2014},
 volume = {19},
 number = {4},
 month = aug,
 year = {2014},
 issn = {1382-3256},
 pages = {1040--1074},
 numpages = {35},
 url = {http://dx.doi.org/10.1007/s10664-013-9248-x},
 doi = {10.1007/s10664-013-9248-x},
 acmid = {2630475},
 publisher = {Kluwer Academic Publishers},
 address = {Hingham, MA, USA},
 keywords = {Empirical studies, Program comprehension, Software obfuscation},
} 

@Inbook{Kuzurin2007,
author="Kuzurin, Nikolay
and Shokurov, Alexander
and Varnovsky, Nikolay
and Zakharov, Vladimir",
editor="Garay, Juan A.
and Lenstra, Arjen K.
and Mambo, Masahiro
and Peralta, Ren{\'e}",
title="On the Concept of Software Obfuscation in Computer Security",
bookTitle="Information Security: 10th International Conference, ISC 2007, Valpara{\'i}so, Chile, October 9-12, 2007. Proceedings",
year="2007",
publisher="Springer Berlin Heidelberg",
address="Berlin, Heidelberg",
pages="281--298",
doi="10.1007/978-3-540-75496-1_19",
url="http://dx.doi.org/10.1007/978-3-540-75496-1_19"
}

@Article{Ceccato2015,
author="Ceccato, Mariano
and Capiluppi, Andrea
and Falcarin, Paolo
and Boldyreff, Cornelia",
title="A large study on the effect of code obfuscation on the quality of java code",
journal="Empirical Software Engineering",
year="2015",
month="Dec",
day="01",
volume="20",
number="6",
pages="1486--1524",
issn="1573-7616",
doi="10.1007/s10664-014-9321-0",
url="http://dx.doi.org/10.1007/s10664-014-9321-0"
}

@article{falcarin2011guest,
  title={Software Protection},
  author={Falcarin, Paolo and Collberg, Christian and Atallah, Mikhail and Jakubowski, Mariusz},
  journal={Software, IEEE},
  volume={28},
  number={2},
  pages={24--27},
  year={2011},
  publisher={IEEE}
}

@article{collberg2002watermarking,
  title={Watermarking, tamper-proofing, and obfuscation-tools for software protection},
  author={Collberg, Christian S. and Thomborson, Clark},
  journal={IEEE Transactions on software engineering},
  volume={28},
  number={8},
  pages={735--746},
  year={2002},
  publisher={IEEE}
}


@article{Naumovich2003,
 author = {Naumovich, Gleb and Memon, Nasir},
 title = {Preventing Piracy, Reverse Engineering, and Tampering},
 journal = {Computer},
 issue_date = {July 2003},
 volume = {36},
 number = {7},
 month = jul,
 year = {2003},
 issn = {0018-9162},
 pages = {64--71},
 numpages = {8},
 url = {http://dx.doi.org/10.1109/MC.2003.1212692},
 doi = {10.1109/MC.2003.1212692},
 acmid = {858711},
 publisher = {IEEE Computer Society Press},
 address = {Los Alamitos, CA, USA},
} 



@INPROCEEDINGS{7781792, 
author={A. Viticchié and L. Regano and M. Torchiano and C. Basile and M. Ceccato and P. Tonella and R. Tiella}, 
booktitle={2016 IEEE 16th International Working Conference on Source Code Analysis and Manipulation (SCAM)}, 
title={Assessment of Source Code Obfuscation Techniques}, 
year={2016}, 
pages={11-20}, 
keywords={C language;safety-critical software;source code (software);C language;VarMerge;data obfuscation;malicious tampering;software protections;source code obfuscation assessment;Complexity theory;Cryptography;Delays;Encoding;Software;Software protection}, 
doi={10.1109/SCAM.2016.17}, 
month={Oct},}

@inproceedings{Collberg2012Distributed,
   author = {Christian Collberg and Sam Martin and Jonathan Myers and Jasvir Nagra},
   title = {Distributed Application Tamper Detection via Continuous Software Updates},
   booktitle = {Proceedings of the 28th Annual Computer Security Applications Conference},
   series = {ACSAC '12},
   year = {2012},
   isbn = {978-1-4503-1312-4},
   location = {Orlando, Florida},
   pages = {319--328},
   url = {http://doi.acm.org/10.1145/2420950.2420997},
   doi = {10.1145/2420950.2420997},
   publisher = {ACM},
   address = {New York, NY, USA},
}

%%%% Energy evaluation %%%%

@article{jagroep2016resource,
  title={A resource utilization score for software energy consumption},
  author={Jagroep, EA and van der Werf, Jan Martijn EM and Broekman, Jordy and Blom, Leen and van Vliet, Rob and Brinkkemper, S},
  journal={ICT for Sustainability 2016},
  pages={19--28},
  year={2016}
}  

@inproceedings{Pinto:2015:REE:2820158.2820165,
 author = {Pinto, Gustavo and Soares-Neto, Francisco and Castor, Fernando},
 title = {Refactoring for Energy Efficiency: A Reflection on the State of the Art},
 booktitle = {Proceedings of the Fourth International Workshop on Green and Sustainable Software},
 series = {GREENS '15},
 year = {2015},
 location = {Florence, Italy},
 pages = {29--35},
 numpages = {7},
 url = {http://dl.acm.org/citation.cfm?id=2820158.2820165},
 acmid = {2820165},
 publisher = {IEEE Press},
 address = {Piscataway, NJ, USA},
} 

@INPROCEEDINGS{7886906, 
author={S. Hasan and Z. King and M. Hafiz and M. Sayagh and B. Adams and A. Hindle}, 
booktitle={2016 IEEE/ACM 38th International Conference on Software Engineering (ICSE)}, 
title={Energy Profiles of Java Collections Classes}, 
year={2016}, 
pages={225-236}, 
keywords={Java;ArrayList;Java List;Java collections classes;LinkedList;Set abstractions;energy profiles;Encoding;Energy consumption;Energy measurement;Java;Semiconductor device measurement;Software;Software engineering;API;Collections;Energy Profile;Java}, 
doi={10.1145/2884781.2884869}, 
month={May},}

@article {DAC:DAC3235,
author = {Ahmad, Raja Wasim and Gani, Abdullah and Ab Hamid, Siti Hafizah and Naveed, Anjum and KO, Kwangman and Rodrigues, Joel J. P. C.},
title = {A case and framework for code analysis–based smartphone application energy estimation},
journal = {International Journal of Communication Systems},
volume = {30},
number = {10},
issn = {1099-1131},
url = {http://dx.doi.org/10.1002/dac.3235},
doi = {10.1002/dac.3235},
pages = {e3235--n/a},
keywords = {application energy, energy estimation, energy profiling, profiling overhead},
year = {2017},
note = {e3235 dac.3235},
}

@Inbook{Polakis2015,
author="Polakis, Iasonas
and Diamantaris, Michalis
and Petsas, Thanasis
and Maggi, Federico
and Ioannidis, Sotiris",
editor="Almgren, Magnus
and Gulisano, Vincenzo
and Maggi, Federico",
title="Powerslave: Analyzing the Energy Consumption of Mobile Antivirus Software",
bookTitle="Detection of Intrusions and Malware, and Vulnerability Assessment: 12th International Conference, DIMVA 2015, Milan, Italy, July 9-10, 2015, Proceedings",
year="2015",
publisher="Springer International Publishing",
address="Cham",
pages="165--184",
doi="10.1007/978-3-319-20550-2_9",
url="http://dx.doi.org/10.1007/978-3-319-20550-2_9"
}

@inproceedings{Hao:2013:EMA:2486788.2486801,
 author = {Hao, Shuai and Li, Ding and Halfond, William G. J. and Govindan, Ramesh},
 title = {Estimating Mobile Application Energy Consumption Using Program Analysis},
 booktitle = {Proceedings of the 2013 International Conference on Software Engineering},
 series = {ICSE '13},
 year = {2013},
 isbn = {978-1-4673-3076-3},
 location = {San Francisco, CA, USA},
 pages = {92--101},
 numpages = {10},
 url = {http://dl.acm.org/citation.cfm?id=2486788.2486801},
 acmid = {2486801},
 publisher = {IEEE Press},
 address = {Piscataway, NJ, USA},
} 

@INPROCEEDINGS{1231830, 
author={N. R. Potlapally and S. Ravi and A. Raghunathan and N. K. Jha}, 
booktitle={Low Power Electronics and Design, 2003. ISLPED '03. Proceedings of the 2003 International Symposium on}, 
title={Analyzing the energy consumption of security protocols}, 
year={2003}, 
pages={30-35}, 
keywords={cells (electric);cryptography;data acquisition;data communication;mobile computing;notebook computers;operating systems (computers);power supplies to apparatus;protocols;real-time systems;telecommunication security;wireless LAN;Linux;OpenSSL;PC-based data acquisition system;SSL transport-layer security protocol;Secure Sockets Layer;authentication mechanisms;battery life constraint;battery powered embedded systems;cipher modes;cipher strength;cipher suites;cryptographic algorithm level parameters;cryptographic algorithms;energy consumption;energy efficient security;energy requirements;iPAQ PDA;measurement-based testbed;parametrizable SSL client/server test programs;protocol level parameters;real-time current measurement;secure data transactions;security mechanisms;security protocols;transaction sizes;wired Internet;wireless LAN;wireless data applications;Batteries;Communication system security;Cryptographic protocols;Cryptography;Current measurement;Data security;Energy consumption;Energy efficiency;Power system security;System testing}, 
doi={10.1109/LPE.2003.1231830}, 
month={Aug},}

@inproceedings{potlapally2003analyzing,
  title={Analyzing the energy consumption of security protocols},
  author={Potlapally, Nachiketh R and Ravi, Srivaths and Raghunathan, Anand and Jha, Niraj K},
  booktitle={Proceedings of the 2003 international symposium on Low power electronics and design},
  pages={30--35},
  year={2003},
  organization={ACM},}

@INPROCEEDINGS{5983970, 
author={P. Miranda and M. Siekkinen and H. Waris}, 
booktitle={2011 IEEE Symposium on Computers and Communications (ISCC)}, 
title={TLS and energy consumption on a mobile device: A measurement study}, 
year={2011}, 
pages={983-989}, 
keywords={cryptographic protocols;mobile radio;telecommunication security;3G network interfaces;I/O energy;Nokia N95;TLS energy overhead;TLS handshake;TLS transaction;WLAN;Web service;cryptographic algorithm;end-to-end security protocol;energy consumption;mobile device;record protocol;transport layer security;Encryption;Energy consumption;Energy measurement;Protocols;Servers;Wireless LAN}, 
doi={10.1109/ISCC.2011.5983970}, 
ISSN={1530-1346}, 
month={June},}

@INPROCEEDINGS{1347774, 
author={P. G. Argyroudis and R. Verma and H. Tewari and D. O'Mahony}, 
booktitle={Third IEEE International Symposium on Network Computing and Applications, 2004. (NCA 2004). Proceedings.}, 
title={Performance analysis of cryptographic protocols on handheld devices}, 
year={2004}, 
pages={169-174}, 
keywords={ad hoc networks;cryptography;mobile computing;mobile radio;performance evaluation;personal communication networks;protocols;IPsec;Internet-based services;S/MIME;SSL;ad hoc networking;cryptographic functions;cryptographic protocols;performance analysis;personal communication;real-time mobile transactions;security protocols;wireless mobile handheld devices;Communication system security;Cryptographic protocols;Electronic commerce;Handheld computers;Mobile communication;Mobile computing;Performance analysis;Personal digital assistants;Public key cryptography;Workstations}, 
doi={10.1109/NCA.2004.1347774}, 
month={Aug},}

%%%% Obfuscation+Energy %%%%

@INPROCEEDINGS{6976079, 
author={C. Sahin and P. Tornquist and R. Mckenna and Z. Pearson and J. Clause}, 
booktitle={2014 IEEE International Conference on Software Maintenance and Evolution}, 
title={How Does Code Obfuscation Impact Energy Usage?}, 
year={2014}, 
pages={131-140}, 
keywords={computer crime;energy consumption;mobile computing;source code (software);battery life;code obfuscation;energy consumption;energy usage;mobile application development;mobile developer;piracy rate;software piracy;Androids;Batteries;Calculators;Energy consumption;Humanoid robots;Mobile communication;Power measurement;Code Obfuscation;Empirical Study;Energy}, 
doi={10.1109/ICSME.2014.35}, 
ISSN={1063-6773}, 
month={Sept},}

@article{Ceccato,
 author = {Ceccato, Mariano and Capiluppi, Andrea and Falcarin, Paolo and Boldyreff, Cornelia},
 title = {A Large Study on the Effect of Code Obfuscation on the Quality of Java Code},
 journal = {Empirical Softw. Engg.},
 issue_date = {December  2015},
 volume = {20},
 number = {6},
 month = dec,
 year = {2015},
 issn = {1382-3256},
 pages = {1486--1524},
 numpages = {39},
 url = {http://dx.doi.org/10.1007/s10664-014-9321-0},
 doi = {10.1007/s10664-014-9321-0},
 acmid = {2837387},
 publisher = {Kluwer Academic Publishers},
 address = {Hingham, MA, USA},
} 

@article{dhukovic2015load,
  title={Load profile-based efficiency metrics for code obfuscators},
  author={Dhukovic, Marko and Varga, Ervin},
  journal={Acta Polytechnica Hungarica},
  volume={12},
  number={5},
  year={2015}
}

@article{raj2017modelling,
  title={Modelling the Impact of Code Obfuscation on Energy Usage},
  author={Raj, Athul and Jithish, J and Sankaran, Sriram},
  booktitle={CEUR Workshop Proceedings},
  volume={1819},
  year={2017}
}

%%%% Performance evaluation on RPi/ES %%%%

@inproceedings{morabito2016performance,
  title={A performance evaluation of container technologies on Internet of Things devices},
  author={Morabito, Roberto},
  booktitle={Computer Communications Workshops (INFOCOM WKSHPS), 2016 IEEE Conference on},
  pages={999--1000},
  year={2016},
  organization={IEEE}
}

@inproceedings{kaup2014powerpi,
  title={PowerPi: Measuring and modeling the power consumption of the Raspberry Pi},
  author={Kaup, Fabian and Gottschling, Philip and Hausheer, David},
  booktitle={Local Computer Networks (LCN), 2014 IEEE 39th Conference on},
  pages={236--243},
  year={2014},
  organization={IEEE}
}

@INPROCEEDINGS{7737367, 
author={G. Bekaroo and A. Santokhee}, 
booktitle={2016 IEEE International Conference on Emerging Technologies and Innovative Business Practices for the Transformation of Societies (EmergiTech)}, 
title={Power consumption of the Raspberry Pi: A comparative analysis}, 
year={2016}, 
pages={361-366}, 
keywords={microcomputers;power consumption;British computer;Raspberry Pi;Web browsing;desktop computers;laptops;personal computers;power consumption;power drainer;smart phones;tablets;Economic indicators;Portable computers;Power demand;Power measurement;Smart phones;Power Analysis;Power Consumption Measurement;RPi Power Reduction;Raspberry Pi Power}, 
doi={10.1109/EmergiTech.2016.7737367}, 
month={Aug},}

@article{maksimovic2014raspberry,
  title={Raspberry Pi as Internet of things hardware: performances and constraints},
  author={Maksimovi{\'c}, Mirjana and Vujovi{\'c}, Vladimir and Davidovi{\'c}, Nikola and Milo{\v{s}}evi{\'c}, Vladimir and Peri{\v{s}}i{\'c}, Branko},
  journal={International Conference on Electrical, Electronic and
Computing Engineering - IcETRAN 2014},
  volume={3},
  pages={8},
  year={2014}
}

@INPROCEEDINGS{990739, 
author={M. R. Guthaus and J. S. Ringenberg and D. Ernst and T. M. Austin and T. Mudge and R. B. Brown}, 
booktitle={Proceedings of the Fourth Annual IEEE International Workshop on Workload Characterization. WWC-4 (Cat. No.01EX538)}, 
title={MiBench: A free, commercially representative embedded benchmark suite}, 
year={2001}, 
pages={3-14}, 
keywords={embedded systems;instruction sets;security of data;software performance evaluation;telecommunication computing;ARM instruction set;SPEC2000;SimpleScalar;benchmark suite;benchmarking;embedded programs;performance;representative embedded programs;Application software;Code standards;Computer science;Digital audio players;Instruction sets;Microcontrollers;Microprocessors;Multimedia systems;Parallel processing;Process design}, 
doi={10.1109/WWC.2001.990739}, 
month={Dec},}

%%%% IoTs %%%%
@ARTICLE{5675772, 
author={A. Iera and C. Floerkemeier and J. Mitsugi and G. Morabito}, 
journal={IEEE Wireless Communications}, 
title={The Internet of things [Guest Editorial]}, 
year={2010}, 
volume={17}, 
number={6}, 
pages={8-9}, 
keywords={Internet;Special issues and sections;Technology forecasting;Web services}, 
doi={10.1109/MWC.2010.5675772}, 
ISSN={1536-1284}, 
month={December},}

@ARTICLE{7823334, 
author={J. Zhou and Z. Cao and X. Dong and A. V. Vasilakos}, 
journal={IEEE Communications Magazine}, 
title={Security and Privacy for Cloud-Based IoT: Challenges}, 
year={2017}, 
volume={55}, 
number={1}, 
pages={26-33}, 
keywords={Internet of Things;cloud computing;data aggregation;data privacy;mobile computing;next generation networks;security of data;Internet of Things;cloud-based IoT;data processing;data storage;next generation mobile technologies;privacy preserving authentication;privacy preserving data aggregation;privacy requirements;security requirements;ubiquitous computing service;Cloud computing;Computer security;Internet of things;Privacy;Ubiquitous computing}, 
doi={10.1109/MCOM.2017.1600363CM}, 
ISSN={0163-6804}, 
month={January},}

@ARTICLE{7054433, 
author={S. N. Premnath and Z. J. Haas}, 
journal={IEEE Wireless Communications Letters}, 
title={Security and Privacy in the Internet-of-Things Under Time-and-Budget-Limited Adversary Model}, 
year={2015}, 
volume={4}, 
number={3}, 
pages={277-280}, 
keywords={Internet of Things;public key cryptography;Internet-of-Things;IoT security;cryptographic key sizes;data protection;privacy protection;public Internet;public key crypto systems;Privacy;Public key cryptography;Servers;Smart meters;Internet of things;cryptographic key size;smart grid}, 
doi={10.1109/LWC.2015.2408609}, 
ISSN={2162-2337}, 
month={June},}

@INPROCEEDINGS{6970594, 
author={M. Abomhara and G. M. Køien}, 
booktitle={2014 International Conference on Privacy and Security in Mobile Systems (PRISMS)}, 
title={Security and privacy in the Internet of Things: Current status and open issues}, 
year={2014}, 
pages={1-8}, 
keywords={Internet of Things;data privacy;security of data;Internet of Things;access control;data authentication;data confidentiality;data integrity;data privacy;data security;pervasive computing;ubiquitous computing;Access control;Computer architecture;Data privacy;Internet of Things;Privacy;Wireless sensor networks}, 
doi={10.1109/PRISMS.2014.6970594}, 
month={May},}

@article{ATZORI20102787,
title = "The Internet of Things: A survey",
journal = "Computer Networks",
volume = "54",
number = "15",
pages = "2787 - 2805",
year = "2010",
note = "",
issn = "1389-1286",
doi = "http://dx.doi.org/10.1016/j.comnet.2010.05.010",
url = "http://www.sciencedirect.com/science/article/pii/S1389128610001568",
author = "Luigi Atzori and Antonio Iera and Giacomo Morabito",
keywords = "Internet of Things",
keywords = "Pervasive computing",
keywords = "RFID systems"
}

@article{weber2010internet,
  title={Internet of Things--New security and privacy challenges},
  author={Weber, Rolf H},
  journal={Computer law \& security review},
  volume={26},
  number={1},
  pages={23--30},
  year={2010},
  publisher={Elsevier}
}

@INPROCEEDINGS{5940923, 
author={S. Babar and A. Stango and N. Prasad and J. Sen and R. Prasad}, 
booktitle={2011 2nd International Conference on Wireless Communication, Vehicular Technology, Information Theory and Aerospace Electronic Systems Technology (Wireless VITAE)}, 
title={Proposed embedded security framework for Internet of Things (IoT)}, 
year={2011}, 
pages={1-5}, 
keywords={Internet;embedded systems;hardware-software codesign;security of data;Internet of Thing;countermeasure;dynamic prevention;embedded security;energy consumption;life cycle;memory requirement;software-hardware co-design methodology;Cryptography;Decision support systems;Hardware;Indexes;Internet;Software;Cryptography;Embedded security;Internet of Things;Storage}, 
doi={10.1109/WIRELESSVITAE.2011.5940923}, 
month={Feb},}



@inproceedings{guthaus2001mibench,
  title={MiBench: A free, commercially representative embedded benchmark suite},
  author={Guthaus, Matthew R and Ringenberg, Jeffrey S and Ernst, Dan and Austin, Todd M and Mudge, Trevor and Brown, Richard B},
  booktitle={Workload Characterization, 2001. WWC-4. 2001 IEEE International Workshop on},
  pages={3--14},
  year={2001},
  organization={IEEE}
}

