%%% ====================================================================
%%%  BibTeX-file{
%%%     author          = "Gerry Murray",
%%%     version         = "1.2",
%%%     date            = "2 April 2012",
%%%     filename        = "acmsmall-sample-bibfile.bib",
%%%     address         = "ACM, NY",
%%%     email           = "murray at hq.acm.org",
%%%     codetable       = "ISO/ASCII",
%%%     keywords        = "ACM Reference Format, bibliography, citation, references",
%%%     supported       = "yes",
%%%     docstring       = "This BibTeX database file contains 'bibdata' entries
%%%                        that 'match' the examples provided in the Specifications Document
%%%                        AND, also, 'legacy'-type bibs. It should assist authors in
%%%                        choosing the 'correct' at-bibtype and necessary bib-fields
%%%                        so as to obtain the appropriate ACM Reference Format output.
%%%                        It also contains many 'Standard Abbreviations'. "
%%%  }
%%% ====================================================================

% Journals

% First the Full Name is given, then the abbreviation used in the AMS Math
% Reviews, with an indication if it could not be found there.
% Note the 2nd overwrites the 1st, so swap them if you want the full name.

 %{AMS}
 @String{AMSTrans = "American Mathematical Society Translations" }
 @String{AMSTrans = "Amer. Math. Soc. Transl." }
 @String{BullAMS = "Bulletin of the American Mathematical Society" }
 @String{BullAMS = "Bull. Amer. Math. Soc." }
 @String{ProcAMS = "Proceedings of the American Mathematical Society" }
 @String{ProcAMS = "Proc. Amer. Math. Soc." }
 @String{TransAMS = "Transactions of the American Mathematical Society" }
 @String{TransAMS = "Trans. Amer. Math. Soc." }

 %ACM
 @String{CACM = "Communications of the {ACM}" }
 @String{CACM = "Commun. {ACM}" }
 @String{CompServ = "Comput. Surveys" }
 @String{JACM = "J. ACM" }
 @String{ACMMathSoft = "{ACM} Transactions on Mathematical Software" }
 @String{ACMMathSoft = "{ACM} Trans. Math. Software" }
 @String{SIGNUM = "{ACM} {SIGNUM} Newsletter" }
 @String{SIGNUM = "{ACM} {SIGNUM} Newslett." }

 @String{AmerSocio = "American Journal of Sociology" }
 @String{AmerStatAssoc = "Journal of the American Statistical Association" }
 @String{AmerStatAssoc = "J. Amer. Statist. Assoc." }
 @String{ApplMathComp = "Applied Mathematics and Computation" }
 @String{ApplMathComp = "Appl. Math. Comput." }
 @String{AmerMathMonthly = "American Mathematical Monthly" }
 @String{AmerMathMonthly = "Amer. Math. Monthly" }
 @String{BIT = "{BIT}" }
 @String{BritStatPsych = "British Journal of Mathematical and Statistical
          Psychology" }
 @String{BritStatPsych = "Brit. J. Math. Statist. Psych." }
 @String{CanMathBull = "Canadian Mathematical Bulletin" }
 @String{CanMathBull = "Canad. Math. Bull." }
 @String{CompApplMath = "Journal of Computational and Applied Mathematics" }
 @String{CompApplMath = "J. Comput. Appl. Math." }
 @String{CompPhys = "Journal of Computational Physics" }
 @String{CompPhys = "J. Comput. Phys." }
 @String{CompStruct = "Computers and Structures" }
 @String{CompStruct = "Comput. \& Structures" }
 @String{CompJour = "The Computer Journal" }
 @String{CompJour = "Comput. J." }
 @String{CompSysSci = "Journal of Computer and System Sciences" }
 @String{CompSysSci = "J. Comput. System Sci." }
 @String{Computing = "Computing" }
 @String{ContempMath = "Contemporary Mathematics" }
 @String{ContempMath = "Contemp. Math." }
 @String{Crelle = "Crelle's Journal" }
 @String{GiornaleMath = "Giornale di Mathematiche" }
 @String{GiornaleMath = "Giorn. Mat." } % didn't find in AMS MR., ibid.

 %IEEE
 @String{Computer = "{IEEE} Computer" }
 @String{IEEETransComp = "{IEEE} Transactions on Computers" }
 @String{IEEETransComp = "{IEEE} Trans. Comput." }
 @String{IEEETransAC = "{IEEE} Transactions on Automatic Control" }
 @String{IEEETransAC = "{IEEE} Trans. Automat. Control" }
 @String{IEEESpec = "{IEEE} Spectrum" } % didn't find in AMS MR
 @String{ProcIEEE = "Proceedings of the {IEEE}" }
 @String{ProcIEEE = "Proc. {IEEE}" } % didn't find in AMS MR
 @String{IEEETransAeroElec = "{IEEE} Transactions on Aerospace and Electronic
     Systems" }
 @String{IEEETransAeroElec = "{IEEE} Trans. Aerospace Electron. Systems" }

 @String{IMANumerAna = "{IMA} Journal of Numerical Analysis" }
 @String{IMANumerAna = "{IMA} J. Numer. Anal." }
 @String{InfProcLet = "Information Processing Letters" }
 @String{InfProcLet = "Inform. Process. Lett." }
 @String{InstMathApp = "Journal of the Institute of Mathematics and
     its Applications" }
 @String{InstMathApp = "J. Inst. Math. Appl." }
 @String{IntControl = "International Journal of Control" }
 @String{IntControl = "Internat. J. Control" }
 @String{IntNumerEng = "International Journal for Numerical Methods in
     Engineering" }
 @String{IntNumerEng = "Internat. J. Numer. Methods Engrg." }
 @String{IntSuper = "International Journal of Supercomputing Applications" }
 @String{IntSuper = "Internat. J. Supercomputing Applic." } % didn't find
%% in AMS MR
 @String{Kibernetika = "Kibernetika" }
 @String{JResNatBurStand = "Journal of Research of the National Bureau
     of Standards" }
 @String{JResNatBurStand = "J. Res. Nat. Bur. Standards" }
 @String{LinAlgApp = "Linear Algebra and its Applications" }
 @String{LinAlgApp = "Linear Algebra Appl." }
 @String{MathAnaAppl = "Journal of Mathematical Analysis and Applications" }
 @String{MathAnaAppl = "J. Math. Anal. Appl." }
 @String{MathAnnalen = "Mathematische Annalen" }
 @String{MathAnnalen = "Math. Ann." }
 @String{MathPhys = "Journal of Mathematical Physics" }
 @String{MathPhys = "J. Math. Phys." }
 @String{MathComp = "Mathematics of Computation" }
 @String{MathComp = "Math. Comp." }
 @String{MathScand = "Mathematica Scandinavica" }
 @String{MathScand = "Math. Scand." }
 @String{TablesAidsComp = "Mathematical Tables and Other Aids to Computation" }
 @String{TablesAidsComp = "Math. Tables Aids Comput." }
 @String{NumerMath = "Numerische Mathematik" }
 @String{NumerMath = "Numer. Math." }
 @String{PacificMath = "Pacific Journal of Mathematics" }
 @String{PacificMath = "Pacific J. Math." }
 @String{ParDistComp = "Journal of Parallel and Distributed Computing" }
 @String{ParDistComp = "J. Parallel and Distrib. Comput." } % didn't find
%% in AMS MR
 @String{ParComputing = "Parallel Computing" }
 @String{ParComputing = "Parallel Comput." }
 @String{PhilMag = "Philosophical Magazine" }
 @String{PhilMag = "Philos. Mag." }
 @String{ProcNAS = "Proceedings of the National Academy of Sciences
                    of the USA" }
 @String{ProcNAS = "Proc. Nat. Acad. Sci. U. S. A." }
 @String{Psychometrika = "Psychometrika" }
 @String{QuartMath = "Quarterly Journal of Mathematics, Oxford, Series (2)" }
 @String{QuartMath = "Quart. J. Math. Oxford Ser. (2)" }
 @String{QuartApplMath = "Quarterly of Applied Mathematics" }
 @String{QuartApplMath = "Quart. Appl. Math." }
 @String{RevueInstStat = "Review of the International Statisical Institute" }
 @String{RevueInstStat = "Rev. Inst. Internat. Statist." }

 %SIAM
 @String{JSIAM = "Journal of the Society for Industrial and Applied
     Mathematics" }
 @String{JSIAM = "J. Soc. Indust. Appl. Math." }
 @String{JSIAMB = "Journal of the Society for Industrial and Applied
     Mathematics, Series B, Numerical Analysis" }
 @String{JSIAMB = "J. Soc. Indust. Appl. Math. Ser. B Numer. Anal." }
 @String{SIAMAlgMeth = "{SIAM} Journal on Algebraic and Discrete Methods" }
 @String{SIAMAlgMeth = "{SIAM} J. Algebraic Discrete Methods" }
 @String{SIAMAppMath = "{SIAM} Journal on Applied Mathematics" }
 @String{SIAMAppMath = "{SIAM} J. Appl. Math." }
 @String{SIAMComp = "{SIAM} Journal on Computing" }
 @String{SIAMComp = "{SIAM} J. Comput." }
 @String{SIAMMatrix = "{SIAM} Journal on Matrix Analysis and Applications" }
 @String{SIAMMatrix = "{SIAM} J. Matrix Anal. Appl." }
 @String{SIAMNumAnal = "{SIAM} Journal on Numerical Analysis" }
 @String{SIAMNumAnal = "{SIAM} J. Numer. Anal." }
 @String{SIAMReview = "{SIAM} Review" }
 @String{SIAMReview = "{SIAM} Rev." }
 @String{SIAMSciStat = "{SIAM} Journal on Scientific and Statistical
     Computing" }
 @String{SIAMSciStat = "{SIAM} J. Sci. Statist. Comput." }

 @String{SoftPracExp = "Software Practice and Experience" }
 @String{SoftPracExp = "Software Prac. Experience" } % didn't find in AMS MR
 @String{StatScience = "Statistical Science" }
 @String{StatScience = "Statist. Sci." }
 @String{Techno = "Technometrics" }
 @String{USSRCompMathPhys = "{USSR} Computational Mathematics and Mathematical
     Physics" }
 @String{USSRCompMathPhys = "{U. S. S. R.} Comput. Math. and Math. Phys." }
 @String{VLSICompSys = "Journal of {VLSI} and Computer Systems" }
 @String{VLSICompSys = "J. {VLSI} Comput. Syst." }
 @String{ZAngewMathMech = "Zeitschrift fur Angewandte Mathematik und
     Mechanik" }
 @String{ZAngewMathMech = "Z. Angew. Math. Mech." }
 @String{ZAngewMathPhys = "Zeitschrift fur Angewandte Mathematik und Physik" }
 @String{ZAngewMathPhys = "Z. Angew. Math. Phys." }

% Publishers % ================================================= |

 @String{Academic = "Academic Press" }
 @String{ACMPress = "{ACM} Press" }
 @String{AdamHilger = "Adam Hilger" }
 @String{AddisonWesley = "Addison-Wesley" }
 @String{AllynBacon = "Allyn and Bacon" }
 @String{AMS = "American Mathematical Society" }
 @String{Birkhauser = "Birkha{\"u}ser" }
 @String{CambridgePress = "Cambridge University Press" }
 @String{Chelsea = "Chelsea" }
 @String{ClaredonPress = "Claredon Press" }
 @String{DoverPub = "Dover Publications" }
 @String{Eyolles = "Eyolles" }
 @String{HoltRinehartWinston = "Holt, Rinehart and Winston" }
 @String{Interscience = "Interscience" }
 @String{JohnsHopkinsPress = "The Johns Hopkins University Press" }
 @String{JohnWileySons = "John Wiley and Sons" }
 @String{Macmillan = "Macmillan" }
 @String{MathWorks = "The Math Works Inc." }
 @String{McGrawHill = "McGraw-Hill" }
 @String{NatBurStd = "National Bureau of Standards" }
 @String{NorthHolland = "North-Holland" }
 @String{OxfordPress = "Oxford University Press" }  %address Oxford or London?
 @String{PergamonPress = "Pergamon Press" }
 @String{PlenumPress = "Plenum Press" }
 @String{PrenticeHall = "Prentice-Hall" }
 @String{SIAMPub = "{SIAM} Publications" }
 @String{Springer = "Springer-Verlag" }
 @String{TexasPress = "University of Texas Press" }
 @String{VanNostrand = "Van Nostrand" }
 @String{WHFreeman = "W. H. Freeman and Co." }

%Entries

@Article{Abril07,
  author        = "Patricia S. Abril and Robert Plant",
  title         = "The patent holder's dilemma: Buy, sell, or troll?",
  journal       = "Communications of the ACM",
  volume        = "50",
  number        = "1",
  month         = jan,
  year          = "2007",
  pages         = "36--44",
  doi           = "10.1145/1188913.1188915",
  url           = "http://doi.acm.org/10.1145/1219092.1219093",
  note          = "",
}

@Article{Cohen07,
  author        = "Sarah Cohen and Werner Nutt and Yehoshua Sagic",
  title         = "Deciding equivalances among conjunctive aggregate queries",
  journal       = JACM,
  articleno     = "5",
  numpages      = "50",
  volume        = "54",
  number        = "2",
  month         = apr,
  year          = "2007",
  doi           = "10.1145/1219092.1219093",
  url           = "http://doi.acm.org/10.1145/1219092.1219093",
  acmid         = "1219093",
  note          = "",
}


@periodical{JCohen96,
  key =          "Cohen",
  editor =       "Jacques Cohen",
  title =        "Special issue: Digital Libraries",
  journal =      CACM,
  volume =       "39",
  number =       "11",
  month =        nov,
  year =         "1996",
}


@Book{Kosiur01,
  author =       "David Kosiur",
  title =        "Understanding Policy-Based Networking",
  publisher =    "Wiley",
  year =         "2001",
  address =      "New York, NY",
  edition =      "2nd.",
  editor =       "",
  volume =       "",
  number =       "",
  series =       "",
  month =        "",
  note =         "",
}


@Book{Harel79,
  author =       "David Harel",
  year =         "1979",
  title =        "First-Order Dynamic Logic",
  series =       "Lecture Notes in Computer Science",
  volume =       "68",
  address =      "New York, NY",
  publisher =    "Springer-Verlag",
  doi =          "10.1007/3-540-09237-4",
  url =          "http://dx.doi.org/10.1007/3-540-09237-4",
  editor =       "",
  number =       "",
  month =        "",
  note =         "",
}


@Inbook{Editor00,
  author =       "",
  editor =       "Ian Editor",
  title =        "The title of book one",
  subtitle =     "The book subtitle",
  series =       "The name of the series one",
  year =         "2007",
  volume =       "9",
  address =      "Chicago",
  edition =      "1st.",
  publisher =    "University of Chicago Press",
  doi =          "10.1007/3-540-09237-4",
  url =          "http://dx.doi.org/10.1007/3-540-09456-9",
  chapter =      "",
  pages =        "",
  number =       "",
  type =         "",
  month =        "",
  note =         "",
}

%
@InBook{Editor00a,
  author =       "",
  editor =       "Ian Editor",
  title =        "The title of book two",
  subtitle =     "The book subtitle",
  series =       "The name of the series two",
  year =         "2008",
  address =      "Chicago",
  edition =      "2nd.",
  publisher =    "University of Chicago Press",
  doi =          "10.1007/3-540-09237-4",
  url =          "http://dx.doi.org/10.1007/3-540-09456-9",
  volume =       "",
  chapter =      "100",
  pages =        "",
  number =       "",
  type =         "",
  month =        "",
  note =         "",
}


% incollection (has an editor, title, and possibly a booktitle)
@Incollection{Spector90,
  author =       "Asad Z. Spector",
  title =        "Achieving application requirements",
  booktitle =    "Distributed Systems",
  publisher =    "ACM Press",
  address =      "New York, NY",
  year =         "1990",
  edition =      "2nd.",
  chapter =      "",
  editor =       "Sape Mullender",
  pages =        "19--33",
  doi =          "10.1145/90417.90738",
  url =          "http://doi.acm.org/10.1145/90417.90738",
  volume =       "",
  number =       "",
  series =       "",
  type =         "",
  month =        "",
  note =         "",
}


% incollection (has an editor, title, and possibly a booktitle)
@Incollection{Douglass98,
  author =       "Bruce P. Douglass and David Harel and Mark B. Trakhtenbrot",
  title =        "Statecarts in use: structured analysis and object-orientation",
  series =       "Lecture Notes in Computer Science",
  booktitle =    "Lectures on Embedded Systems",
  publisher =    "Springer-Verlag",
  address =      "London",
  volume =       "1494",
  year =         "1998",
  chapter =      "",
  editor =       "Grzegorz Rozenberg and Frits W. Vaandrager",
  pages =        "368--394",
  doi =          "10.1007/3-540-65193-4_29",
  url =          "http://dx.doi.org/10.1007/3-540-65193-4_29",
  edition =      "",
  number =       "",
  type =         "",
  month =        "",
  note =         "",
}


@Book{Knuth97,
  author =       "Donald E. Knuth",
  title =        "The Art of Computer Programming, Vol. 1: Fundamental Algorithms (3rd. ed.)",
  publisher =    "Addison Wesley Longman Publishing Co., Inc.",
  year =         "1997",
  address =      "",
  edition =      "",
  editor =       "",
  volume =       "",
  number =       "",
  series =       "",
  month =        "",
  note =         "",
}


@Book{Knuth98,
  author =       "Donald E. Knuth",
  year =         "1998",
  title =        "The Art of Computer Programming",
  series =       "Fundamental Algorithms",
  volume =       "1",
  edition =      "3rd",
  address =      "",
  publisher =    "Addison Wesley Longman Publishing Co., Inc.",
  doi =          "",
  url =          "",
  editor =       "",
  number =       "",
  month =        "",
  note =         "(book)",
}

%Inbook{Knuth97,
%  author =       "Donald E. Knuth",
%  title =        "The Art of Computer Programming",
%  booktitle =    "the booktitle",
%  edition =      "3",
%  volume =       "1",
%  year =         "1997",
%  publisher =    "Addison Wesley Longman Publishing Co., Inc.",
%  editor =       "",
%  number =       "",
%  series =       "Fundamental Algorithms",
%  type =         "",
%  chapter =      "",
%  pages =        "",
%  address =      "",
%  month =        "",
%  note =         "(inbook)",
%}

%INBOOK{DK:73-inbook-full,
%   author = "Donald E. Knuth",
%   title = "Fundamental Algorithms (inbook w series)",
%   volume = 1,
%   series = "The Art of Computer Programming",
%   publisher = "Addison-Wesley",
%   address = "Reading, Massachusetts",
%   edition = "Second",
%   month = "10~" # jan,
%   year = "1973",
%   type = "Section",
%   chapter = "1.2",
%   pages = "10--119",
%   note = "Full INBOOK entry (w series)",
%}

%INcollection{DK:74-incoll,
%   author = "Donald E. Knuth",
%   title = "Fundamental Algorithms (incoll)",
%   volume = 1,
%   booktitle = "The Art of Computer Programming",
%   publisher = "Addison-Wesley",
%   address = "Reading, Massachusetts",
%   month = "10~" # jan,
%   year = "1974",
%   pages = "10--119",
%   editor = "Bernard Rous",
%   note = "This is a full incoll entry with an editor",
%}

%INcollection{DK:75-incollws,
%   author = "Donald E. Knuth",
%   title = "Fundamental Algorithms (incoll w series)",
%   volume = 1,
%   booktitle = "The Art of Computer Programming",
%   series = "The Art of Computer Programming",
%   publisher = "Addison-Wesley",
%   address = "Reading, Massachusetts",
%   month = "10~" # jan,
%   year = "1975",
%   pages = "10--119",
%   editor = "Bernard Rous",
%   note = "This is a full incoll entry with an editor and series",
%}


@incollection{GM05,
Author= "Dan Geiger and Christopher Meek",
Title= "Structured Variational Inference Procedures and their Realizations (as incol)",
Year= 2005,
Booktitle="Proceedings of Tenth International Workshop on Artificial Intelligence and Statistics, {\rm The Barbados}",
Publisher="The Society for Artificial Intelligence and Statistics",
Month= jan,
Editors= "Z. Ghahramani and R. Cowell"
}

@Inproceedings{Smith10,
  author =       "Stan W. Smith",
  title =        "An experiment in bibliographic mark-up: Parsing metadata for XML export",
  booktitle =    "Proceedings of the 3rd. annual workshop on Librarians and Computers",
  series =       "LAC '10",
  editor =       "Reginald N. Smythe and Alexander Noble",
  volume =       "3",
  year =         "2010",
  publisher =    "Paparazzi Press",
  address =      "Milan Italy",
  pages =        "422--431",
  doi =          "99.9999/woot07-S422",
  url =          "http://dx.doi.org/99.0000/woot07-S422",
  number =       "",
  month =        "",
  organization = "",
  note =         "",
}

@Inproceedings{VanGundy07,
  author =       "Matthew Van Gundy and Davide Balzarotti and Giovanni Vigna",
  year =         "2007",
  title =        "Catch me, if you can: Evading network signatures with web-based polymorphic worms",
  booktitle =    "Proceedings of the first USENIX workshop on Offensive Technologies",
  series =       "WOOT '07",
  publisher =    "USENIX Association",
  address =      "Berkley, CA",
  articleno =    "7",
  numpages =     "9",
  editor =       "",
  volume =       "",
  number =       "",
  pages =        "",
  month =        "",
  organization = "",
  note =         "",
}

@Inproceedings{VanGundy08,
  author =       "Matthew Van Gundy and Davide Balzarotti and Giovanni Vigna",
  year =         "2008",
  title =        "Catch me, if you can: Evading network signatures with web-based polymorphic worms",
  booktitle =    "Proceedings of the first USENIX workshop on Offensive Technologies",
  series =       "WOOT '08",
  publisher =    "USENIX Association",
  address =      "Berkley, CA",
  articleno =    "7",
  numpages =     "2",
  editor =       "",
  volume =       "",
  number =       "",
  pages =        "99-100",
  month =        "",
  organization = "",
  note =         "",
}

@Inproceedings{VanGundy09,
  author =       "Matthew Van Gundy and Davide Balzarotti and Giovanni Vigna",
  year =         "2009",
  title =        "Catch me, if you can: Evading network signatures with web-based polymorphic worms",
  booktitle =    "Proceedings of the first USENIX workshop on Offensive Technologies",
  series =       "WOOT '09",
  publisher =    "USENIX Association",
  address =      "Berkley, CA",
  articleno =    "",
  numpages =     "",
  editor =       "",
  volume =       "",
  number =       "",
  pages =        "90--100",
  month =        "",
  organization = "",
  note =         "",
}

@Inproceedings{Andler79,
  author =       "Sten Andler",
  title =        "Predicate Path expressions",
  booktitle =    "Proceedings of the 6th. ACM SIGACT-SIGPLAN symposium on Principles of Programming Languages",
  series =       "POPL '79",
  year =         "1979",
  publisher =    "ACM Press",
  address =      "New York, NY",
  pages =        "226--236",
  doi =          "10.1145/567752.567774",
  url =          "http://doi.acm.org/10.1145/567752.567774",
  editor =       "",
  volume =       "",
  number =       "",
  month =        "",
  organization = "",
  note =         "",
}

@Techreport{Harel78,
  author =       "David Harel",
  year =         "1978",
  title =        "LOGICS of Programs: AXIOMATICS and DESCRIPTIVE POWER",
  institution =  "Massachusetts Institute of Technology",
  type =         "MIT Research Lab Technical Report",
  number =       "TR-200",
  address =      "Cambridge, MA",
  month =        "",
  note =         "",
}

@MASTERSTHESIS{anisi03,
author = {David A. Anisi},
title = {Optimal Motion Control of a Ground Vehicle},
school = {Royal Institute of Technology (KTH), Stockholm, Sweden},
intitution = {FOI-R-0961-SE, Swedish Defence Research Agency (FOI)},
year = {2003},
}


@Phdthesis{Clarkson85,
  author =       "Kenneth L. Clarkson",
  year =         "1985",
  title =        "Algorithms for Closest-Point Problems (Computational Geometry)",
  school =       "Stanford University",
  address =      "Palo Alto, CA",
  note =         "UMI Order Number: AAT 8506171",
  type =         "",
  month =        "",
}


@online{Thornburg01,
  author =       "Harry Thornburg",
  year =         "2001",
  title =        "Introduction to Bayesian Statistics",
  url =          "http://ccrma.stanford.edu/~jos/bayes/bayes.html",
  month =        mar,
  lastaccessed = "March 2, 2005",
}


@online{Ablamowicz07,
  author =       "Rafal Ablamowicz and Bertfried Fauser",
  year =         "2007",
  title =        "CLIFFORD: a Maple 11 Package for Clifford Algebra Computations, version 11",
  url =          "http://math.tntech.edu/rafal/cliff11/index.html",
  lastaccessed = "February 28, 2008",
}


@misc{Poker06,
  author =       "Poker-Edge.Com",
  year =         "2006",
  month =        mar,
  title =        "Stats and Analysis",
  lastaccessed = "June 7, 2006",
  url =          "http://www.poker-edge.com/stats.php",
}

@misc{Obama08,
  author        = "Barack Obama",
  year          = "2008",
  title         = "A more perfect union",
  howpublished  = "Video",
  day           = "5",
  url           = "http://video.google.com/videoplay?docid=6528042696351994555",
  month         = mar,
  lastaccessed  = "March 21, 2008",
  note          =  "",
}

@misc{JoeScientist001,
  author =       "Joseph Scientist",
  year =         "2009",
  title =        "The fountain of youth",
  note =         "Patent No. 12345, Filed July 1st., 2008, Issued Aug. 9th., 2009",
  url =          "",
  howpublished = "",
  month =        aug,
  lastaccessed = "",
}


@Inproceedings{Novak03,
  author =       "Dave Novak",
  title =        "Solder man",
  booktitle =    "ACM SIGGRAPH 2003 Video Review on Animation theater Program: Part I - Vol. 145 (July 27--27, 2003)",
  year =         "2003",
  publisher =    "ACM Press",
  address =      "New York, NY",
  pages =        "4",
  month =        "March 21, 2008",
  doi =          "99.9999/woot07-S422",
  url =          "http://video.google.com/videoplay?docid=6528042696351994555",
  note =         "",
  howpublished = "Video",
  editor =       "",
  volume =       "",
  number =       "",
  series =       "",
  organization = "",
}


@article{Lee05,
  author =       "Newton Lee",
  year =         "2005",
  title =        "Interview with Bill Kinder: January 13, 2005",
  journal =      "Comput. Entertain.",
  eid =          "4",
  volume =       "3",
  number =       "1",
  month =        "Jan.-March",
  doi =          "10.1145/1057270.1057278",
  url =          "http://doi.acm.org/10.1145/1057270.1057278",
  howpublished = "Video",
  note =         "",
}

@article{Rous08,
  author =       "Bernard Rous",
  year =         "2008",
  title =        "The Enabling of Digital Libraries",
  journal =      "Digital Libraries",
  volume =       "12",
  number =       "3",
  month =        jul,
  articleno =    "5",
  doi =          "",
  url =          "",
  howpublished = "",
  note =         "To appear",
}

@article{384253,
 author = {Werneck,, Renato and Setubal,, Jo\~{a}o and da Conceic\~{a}o,, Arlindo},
 title = {(old) Finding minimum congestion spanning trees},
 journal = {J. Exp. Algorithmics},
 volume = {5},
 year = {2000},
 issn = {1084-6654},
 pages = {11},
 doi = {http://doi.acm.org/10.1145/351827.384253},
 publisher = {ACM},
 address = {New York, NY, USA},
 }


@article{Werneck:2000:FMC:351827.384253,
 author = {Werneck, Renato and Setubal, Jo\~{a}o and da Conceic\~{a}o, Arlindo},
 title = {(new) Finding minimum congestion spanning trees},
 journal = {J. Exp. Algorithmics},
 volume = {5},
 month = dec,
 year = {2000},
 issn = {1084-6654},
 articleno = {11},
 url = {http://portal.acm.org/citation.cfm?id=351827.384253},
 doi = {10.1145/351827.384253},
 acmid = {384253},
 publisher = {ACM},
 address = {New York, NY, USA},
}

@article{1555162,
 author = {Conti, Mauro and Di Pietro, Roberto and Mancini, Luigi V. and Mei, Alessandro},
 title = {(old) Distributed data source verification in wireless sensor networks},
 journal = {Inf. Fusion},
 volume = {10},
 number = {4},
 year = {2009},
 issn = {1566-2535},
 pages = {342--353},
 doi = {http://dx.doi.org/10.1016/j.inffus.2009.01.002},
 publisher = {Elsevier Science Publishers B. V.},
 address = {Amsterdam, The Netherlands, The Netherlands},
 }

@article{Conti:2009:DDS:1555009.1555162,
 author = {Conti, Mauro and Di Pietro, Roberto and Mancini, Luigi V. and Mei, Alessandro},
 title = {(new) Distributed data source verification in wireless sensor networks},
 journal = {Inf. Fusion},
 volume = {10},
 number = {4},
 month = oct,
 year = {2009},
 issn = {1566-2535},
 pages = {342--353},
 numpages = {12},
 url = {http://portal.acm.org/citation.cfm?id=1555009.1555162},
 doi = {10.1016/j.inffus.2009.01.002},
 acmid = {1555162},
 publisher = {Elsevier Science Publishers B. V.},
 address = {Amsterdam, The Netherlands, The Netherlands},
 keywords = {Clone detection, Distributed protocol, Securing data fusion, Wireless sensor networks},
}

@inproceedings{Li:2008:PUC:1358628.1358946,
 author = {Li, Cheng-Lun and Buyuktur, Ayse G. and Hutchful, David K. and Sant, Natasha B. and Nainwal, Satyendra K.},
 title = {Portalis: using competitive online interactions to support aid initiatives for the homeless},
 booktitle = {CHI '08 extended abstracts on Human factors in computing systems},
 year = {2008},
 isbn = {978-1-60558-012-X},
 location = {Florence, Italy},
 pages = {3873--3878},
 numpages = {6},
 url = {http://portal.acm.org/citation.cfm?id=1358628.1358946},
 doi = {10.1145/1358628.1358946},
 acmid = {1358946},
 publisher = {ACM},
 address = {New York, NY, USA},
 keywords = {cscw, distributed knowledge acquisition, incentive design, online games, recommender systems, reputation systems, user studies, virtual community},
}

@book{Hollis:1999:VBD:519964,
 author = {Hollis, Billy S.},
 title = {Visual Basic 6: Design, Specification, and Objects with Other},
 year = {1999},
 isbn = {0130850845},
 edition = {1st},
 publisher = {Prentice Hall PTR},
 address = {Upper Saddle River, NJ, USA},
 }


@book{Goossens:1999:LWC:553897,
 author = {Goossens, Michel and Rahtz, S. P. and Moore, Ross and Sutor, Robert S.},
 title = {The  Latex Web Companion: Integrating TEX, HTML, and XML},
 year = {1999},
 isbn = {0201433117},
 edition = {1st},
 publisher = {Addison-Wesley Longman Publishing Co., Inc.},
 address = {Boston, MA, USA},
 }

% need to test genres for errant isbn output

% techreport
@techreport{897367,
 author = {Buss, Jonathan F. and Rosenberg, Arnold L. and Knott, Judson D.},
 title = {Vertex Types in Book-Embeddings},
 year = {1987},
 source = {http://www.ncstrl.org:8900/ncstrl/servlet/search?formname=detail\&id=oai%3Ancstrlh%3Aumass_cs%3Ancstrl.umassa_cs%2F%2FUM-CS-1987-018},
 publisher = {University of Massachusetts},
 address = {Amherst, MA, USA},
 }

@techreport{Buss:1987:VTB:897367,
 author = {Buss, Jonathan F. and Rosenberg, Arnold L. and Knott, Judson D.},
 title = {Vertex Types in Book-Embeddings},
 year = {1987},
 source = {http://www.ncstrl.org:8900/ncstrl/servlet/search?formname=detail\&id=oai%3Ancstrlh%3Aumass_cs%3Ancstrl.umassa_cs%2F%2FUM-CS-1987-018},
 publisher = {University of Massachusetts},
 address = {Amherst, MA, USA},
 }

% whole proceedings

@proceedings{Czerwinski:2008:1358628,
 author = {},
 note = {General Chair-Czerwinski, Mary and General Chair-Lund, Arnie and Program Chair-Tan, Desney},
 title = {CHI '08: CHI '08 extended abstracts on Human factors in computing systems},
 year = {2008},
 isbn = {978-1-60558-012-X},
 location = {Florence, Italy},
 order_no = {608085},
 publisher = {ACM},
 address = {New York, NY, USA},
 }

% phdthesis

@phdthesis{Clarkson:1985:ACP:911891,
 author = {Clarkson, Kenneth Lee},
 advisor = {Yao, Andrew C.},
 title = {Algorithms for Closest-Point Problems (Computational Geometry)},
 year = {1985},
 note = {AAT 8506171},
 school = {Stanford University},
 address = {Stanford, CA, USA},
 }
% school is being picked up -- but not publisher (which is OK)
% Also -- the title is NOT being output in italics !!! Arrrrgh! - I fixed it. :-)


%%% compare with 'old'
%%% atsign-Phdthesis{Clarkson85,
%%%  author =       "Kenneth L. Clarkson",
%%%  year =         "1985",
%%%  title =        "Algorithms for Closest-Point Problems (Computational Geometry)",
%%%  school =       "Stanford University",
%%%  address =      "Palo Alto, CA",
%%%  note =         "UMI Order Number: AAT 8506171",
%%%  type =         "",
%%%  month =        "",
%%%}

% A bibliography
@Article{1984:1040142,
 key = {{$\!\!$}},
 journal = {SIGCOMM Comput. Commun. Rev.},
 year = {1984},
 issn = {0146-4833},
 volume = {13-14},
 number = {5-1},
 issue_date = {January/April 1984},
 publisher = {ACM},
 address = {New York, NY, USA},
 }


% grinder
@inproceedings{2004:ITE:1009386.1010128,
 key = {IEEE},
 title = {IEEE TCSC Executive Committee},
 booktitle = {Proceedings of the IEEE International Conference on Web Services},
 series = {ICWS '04},
 year = {2004},
 isbn = {0-7695-2167-3},
 pages = {21--22},
 url = {http://dx.doi.org/10.1109/ICWS.2004.64},
 doi = {http://dx.doi.org/10.1109/ICWS.2004.64},
 acmid = {1010128},
 publisher = {IEEE Computer Society},
 address = {Washington, DC, USA},
}

% div book
@book{Mullender:1993:DS(:302430,
 editor = {Mullender, Sape},
 title = {Distributed systems (2nd Ed.)},
 year = {1993},
 isbn = {0-201-62427-3},
 publisher = {ACM Press/Addison-Wesley Publishing Co.},
 address = {New York, NY, USA},
 }

% master thesis (as techreport and thesis)

@techreport{Petrie:1986:NAD:899644,
 author = {Petrie, Charles J.},
 title = {New Algorithms for Dependency-Directed Backtracking (Master's thesis)},
 year = {1986},
 source = {http://www.ncstrl.org:8900/ncstrl/servlet/search?formname=detail\&id=oai%3Ancstrlh%3Autexas_cs%3AUTEXAS_CS%2F%2FAI86-33},
 publisher = {University of Texas at Austin},
 address = {Austin, TX, USA},
 }

@MASTERSTHESIS{Petrie:1986:NAD:12345,
 author = {Petrie, Charles J.},
 title = {New Algorithms for Dependency-Directed Backtracking (Master's thesis)},
 year = {1986},
 source = {http://www.ncstrl.org:8900/ncstrl/servlet/search?formname=detail\&id=oai%3Ancstrlh%3Autexas_cs%3AUTEXAS_CS%2F%2FAI86-33},
 school = {University of Texas at Austin},
 address = {Austin, TX, USA},
 }




@BOOK{book-minimal,
   author = "Donald E. Knuth",
   title = "Seminumerical Algorithms",
   publisher = "Addison-Wesley",
   year = "1981",
}

% incollection (has an editor, title, and possibly a booktitle)
@INcollection{KA:2001,
 author = {Kong, Wei-Chang},
 Title = {The implementation of electronic commerce in SMEs in Singapore (as Incoll)},
 booktitle = {E-commerce and cultural values},
 year = {2001},
 isbn = {1-59140-056-2},
 pages = {51--74},
 numpages = {24},
 url = {http://portal.acm.org/citation.cfm?id=887006.887010},
 acmid = {887010},
 publisher = {IGI Publishing},
 address = {Hershey, PA, USA},
}


% with bibfield 'type' before chapter (note no editor)
@INBOOK{KAGM:2001,
 author = {Kong, Wei-Chang},
 type = {Name of Chapter:},
 chapter = {The implementation of electronic commerce in SMEs in Singapore (Inbook-w-chap-w-type)},
 title = {E-commerce and cultural values},
 year = {2001},
 isbn = {1-59140-056-2},
 pages = {51--74},
 numpages = {24},
 url = {http://portal.acm.org/citation.cfm?id=887006.887010},
 acmid = {887010},
 publisher = {IGI Publishing},
 address = {Hershey, PA, USA},
}

%%% Notes! This is because the atsign-INBOOK citation type specifies EITHER
%%% editor or author, but not both. In my experiments with the harvard/dcu
%%% bibtex style (and presumably this applies to other styles too), bibtex
%%% ignores the editor information if author information exists in an
%%% atsign-INBOOK entry. atsign-INCOLLECTION is far more commonly used in my references,
%%% and in the absence of an editor I believe most bibtex styles will just
%%% ommit the editor from the reference - the chapter information will not
%%% end up in the in-text citation as you suggest it should be but at least
%%% there is a place to put the editor if necessary.



% was 'Inbook' -- changed to incollection - (editor is different to author) - need to tell Asad to codify as such.
@incollection{Kong:2002:IEC:887006.887010,
  author =      {Kong, Wei-Chang},
  editor =      {Theerasak Thanasankit},
  title =       {Chapter 9},
  booktitle =   {E-commerce and cultural values (Incoll-w-text (chap 9) 'title')},
  year =        {2002},
  address =     {Hershey, PA, USA},
  publisher =   {IGI Publishing},
  url =         {http://portal.acm.org/citation.cfm?id=887006.887010},
  pages =       {51--74},
  numpages =    {24},
  acmid =       {887010},
  isbn =        {1-59140-056-2},
  number =      "",
  type =        "",
  month =       "",
  note =        "",
}

% incol when the chapter is 'text' - due to presence of editor (different to author)
@incollection{Kong:2003:IEC:887006.887011,
 author = {Kong, Wei-Chang},
 title = {The implementation of electronic commerce in SMEs in Singapore (Incoll)},
 booktitle = {E-commerce and cultural values},
 editor = {Thanasankit, Theerasak},
 year = {2003},
 isbn = {1-59140-056-2},
 pages = {51--74},
 numpages = {24},
 url = {http://portal.acm.org/citation.cfm?id=887006.887010},
 acmid = {887010},
 publisher = {IGI Publishing},
 address = {Hershey, PA, USA},
}

% ------ test
%incollection{Kong:2003:IEC:887006.887010,
% author = {Kong, Wei-Chang},
% chapter = {The implementation of electronic commerce in SMEs in Singapore (Incoll-text-in-chap)},
% booktitle = {booktitle E-commerce and cultural values},
% title =   {The title},
% editor = {Thanasankit, Theerasak},
% year = {2003},
% isbn = {1-59140-056-2},
% pages = {51--74},
% numpages = {24},
% url = {http://portal.acm.org/citation.cfm?id=887006.887010},
% acmid = {887010},
% publisher = {IGI Publishing},
% address = {Hershey, PA, USA},
%}


% ---------





% Need inbook with num in chapter

% and inbook with number in chapter
@InBook{Kong:2004:IEC:123456.887010,
  author =      {Kong, Wei-Chang},
  editor =      {Theerasak Thanasankit},
  title =       {E-commerce and cultural values - (InBook-num-in-chap)},
  chapter =     {9},
  year =        {2004},
  address =     {Hershey, PA, USA},
  publisher =   {IGI Publishing},
  url =         {http://portal.acm.org/citation.cfm?id=887006.887010},
  pages =       {51--74},
  numpages =    {24},
  acmid =       {887010},
  isbn =        {1-59140-056-2},
  number =      "",
  type =        "",
  month =       "",
  note =        "",
}


% and inbook with text in chapter
@Inbook{Kong:2005:IEC:887006.887010,
  author =      {Kong, Wei-Chang},
  editor =      {Theerasak Thanasankit},
  title =       {E-commerce and cultural values (Inbook-text-in-chap)},
  chapter =     {The implementation of electronic commerce in SMEs in Singapore},
  year =        {2005},
  address =     {Hershey, PA, USA},
  publisher =   {IGI Publishing},
  url =         {http://portal.acm.org/citation.cfm?id=887006.887010},
  type =        {Chapter:},
  pages =       {51--74},
  numpages =    {24},
  acmid =       {887010},
  isbn =        {1-59140-056-2},
  number =      "",
  month =       "",
  note =        "",
}


% and inbook with a num and type field
@Inbook{Kong:2006:IEC:887006.887010,
  author =      {Kong, Wei-Chang},
  editor =      {Theerasak Thanasankit},
  title =       {E-commerce and cultural values (Inbook-num chap)},
  chapter =     {22},
  year =        {2006},
  address =     {Hershey, PA, USA},
  publisher =   {IGI Publishing},
  url =         {http://portal.acm.org/citation.cfm?id=887006.887010},
  type =        {Chapter (in type field)},
  pages =       {51--74},
  numpages =    {24},
  acmid =       {887010},
  isbn =        {1-59140-056-2},
  number =      "",
  month =       "",
  note =        "",
}


% and incol coz we have a BLANK chapter - due to presence of editor
%atIncollection{Kong:2006:IEC:887006.887011,
%  author =     {Kong, Wei-Chang},
%  editor =     {Theerasak Thanasankit},
%  title =      "The title"
%  booktitle =  {E-commerce and cultural values (Incol-coz-blank-chap)},
%  year =       {2006},
%  address =    {Hershey, PA, USA},
%  publisher =  {IGI Publishing},
%  url =        {http://portal.acm.org/citation.cfm?id=887006.887010},
%  type =       {Type!},
%  chapter =    {},
%  pages =      {51--74},
%  numpages =   {24},
%  acmid =      {887010},
%  isbn =       {1-59140-056-2},
%  number =     "",
%  month =      "",
%  note =       "",
%}

@article{SaeediMEJ10,
            author = {Mehdi Saeedi and Morteza Saheb Zamani and Mehdi Sedighi},
            title = {A library-based synthesis methodology for reversible logic},
            journal = {Microelectron. J.},
            volume = {41},
            number = {4},
            month = apr,
            year = {2010},
            pages = {185--194},
}

@ARTICLE{SaeediJETC10,
            author = {Mehdi Saeedi and Morteza Saheb Zamani and Mehdi Sedighi and Zahra Sasanian},
            title = {Synthesis of Reversible Circuit Using Cycle-Based Approach},
            journal = {J. Emerg. Technol. Comput. Syst.},
            volume = {6},
            number = {4},
            month = dec,
            year = {2010}
            }

% Asad's new version
@article{Kirschmer:2010:AEI:1958016.1958018,
 author = {Kirschmer, Markus and Voight, John},
 title = {Algorithmic Enumeration of Ideal Classes for Quaternion Orders},
 journal = {SIAM J. Comput.},
 issue_date = {January 2010},
 volume = {39},
 number = {5},
 month = jan,
 year = {2010},
 issn = {0097-5397},
 pages = {1714--1747},
 numpages = {34},
 url = {http://dx.doi.org/10.1137/080734467},
 doi = {https://doi.org/10.1137/080734467},
 acmid = {1958018},
 publisher = {Society for Industrial and Applied Mathematics},
 address = {Philadelphia, PA, USA},
 keywords = {ideal classes, maximal orders, number theory, quaternion algebras},
}


% incol due to presence of booktitle
@incollection{Hoare:1972:CIN:1243380.1243382,
 author = {Hoare, C. A. R.},
 title = {Chapter II: Notes on data structuring},
 booktitle = {Structured programming (incoll)},
 editor = {Dahl, O. J. and Dijkstra, E. W. and Hoare, C. A. R.},
 year = {1972},
 isbn = {0-12-200550-3},
 pages = {83--174},
 numpages = {92},
 url = {http://portal.acm.org/citation.cfm?id=1243380.1243382},
 acmid = {1243382},
 publisher = {Academic Press Ltd.},
 address = {London, UK, UK},
}

% incol due to presence of booktitle
@incollection{Lee:1978:TQA:800025.1198348,
 author = {Lee, Jan},
 title = {Transcript of question and answer session},
 booktitle = {History of programming languages I (incoll)},
 editor = {Wexelblat, Richard L.},
 year = {1981},
 isbn = {0-12-745040-8},
 pages = {68--71},
 numpages = {4},
 url = {http://doi.acm.org/10.1145/800025.1198348},
 doi = {http://doi.acm.org/10.1145/800025.1198348},
 acmid = {1198348},
 publisher = {ACM},
 address = {New York, NY, USA},
}

% incol due to booktitle
@incollection{Dijkstra:1979:GSC:1241515.1241518,
 author = {Dijkstra, E.},
 title = {Go to statement considered harmful},
 booktitle = {Classics in software engineering (incoll)},
 year = {1979},
 isbn = {0-917072-14-6},
 pages = {27--33},
 numpages = {7},
 url = {http://portal.acm.org/citation.cfm?id=1241515.1241518},
 acmid = {1241518},
 publisher = {Yourdon Press},
 address = {Upper Saddle River, NJ, USA},
}

% incol due to booktitle
@incollection{Wenzel:1992:TVA:146022.146089,
 author = {Wenzel, Elizabeth M.},
 title = {Three-dimensional virtual acoustic displays},
 booktitle = {Multimedia interface design (incoll)},
 year = {1992},
 isbn = {0-201-54981-6},
 pages = {257--288},
 numpages = {32},
 url = {http://portal.acm.org/citation.cfm?id=146022.146089},
 doi = {10.1145/146022.146089},
 acmid = {146089},
 publisher = {ACM},
 address = {New York, NY, USA},
}

% incol due to booktitle
@incollection{Mumford:1987:MES:54905.54911,
 author = {Mumford, E.},
 title = {Managerial expert systems and organizational change: some critical research issues},
 booktitle = {Critical issues in information systems research (incoll)},
 year = {1987},
 isbn = {0-471-91281-6},
 pages = {135--155},
 numpages = {21},
 url = {http://portal.acm.org/citation.cfm?id=54905.54911},
 acmid = {54911},
 publisher = {John Wiley \& Sons, Inc.},
 address = {New York, NY, USA},
}

@book{McCracken:1990:SSC:575315,
 author = {McCracken, Daniel D. and Golden, Donald G.},
 title = {Simplified Structured COBOL with Microsoft/MicroFocus COBOL},
 year = {1990},
 isbn = {0471514071},
 publisher = {John Wiley \& Sons, Inc.},
 address = {New York, NY, USA},
}

% Let's include Boris / BBeeton entries  (multi-volume works)

@book {MR781537,
    AUTHOR = {H{\"o}rmander, Lars},
     TITLE = {The analysis of linear partial differential operators. {III}},
    SERIES = {Grundlehren der Mathematischen Wissenschaften [Fundamental
              Principles of Mathematical Sciences]},
    VOLUME = {275},
      NOTE = {Pseudodifferential operators},
PUBLISHER = {Springer-Verlag},
   ADDRESS = {Berlin, Germany},
      YEAR = {1985},
     PAGES = {viii+525},
      ISBN = {3-540-13828-5},
   MRCLASS = {35-02 (35Sxx 47G05 58G15)},
  MRNUMBER = {781536 (87d:35002a)},
MRREVIEWER = {Min You Qi},
}

@book {MR781536,
    AUTHOR = {H{\"o}rmander, Lars},
     TITLE = {The analysis of linear partial differential operators. {IV}},
    SERIES = {Grundlehren der Mathematischen Wissenschaften [Fundamental
              Principles of Mathematical Sciences]},
    VOLUME = {275},
      NOTE = {Fourier integral operators},
PUBLISHER = {Springer-Verlag},
   ADDRESS = {Berlin, Germany},
      YEAR = {1985},
     PAGES = {vii+352},
      ISBN = {3-540-13829-3},
   MRCLASS = {35-02 (35Sxx 47G05 58G15)},
  MRNUMBER = {781537 (87d:35002b)},
MRREVIEWER = {Min You Qi},
}

%%%%%%%%%%%%%%%%%%%%%% Start of Aptara sample bib entries

% acmsmall-sam.bib
@InProceedings{Adya-01,
  author        = {A. Adya and P. Bahl and J. Padhye and A.Wolman and L. Zhou},
  title         = {A multi-radio unification protocol for {IEEE} 802.11 wireless networks},
  booktitle     = {Proceedings of the IEEE 1st International Conference on Broadnets Networks (BroadNets'04)},
  publisher     = "IEEE",
  address       = "Los Alamitos, CA",
  year          = {2004},
  pages         = "210--217"
}

@article{Akyildiz-01,
  author        = {I. F. Akyildiz and W. Su and Y. Sankarasubramaniam and E. Cayirci},
  title         = {Wireless Sensor Networks: A Survey},
  journal       = {Comm. ACM},
  volume        = 38,
  number        = "4",
  year          = {2002},
  pages         = "393--422"
}

@article{Akyildiz-02,
  author        = {I. F. Akyildiz and T. Melodia and K. R. Chowdhury},
  title         = {A Survey on Wireless Multimedia Sensor Networks},
  journal       = {Computer Netw.},
  volume        = 51,
  number        = "4",
  year          = {2007},
  pages         = "921--960"
}

@InProceedings{Bahl-02,
  author        = {P. Bahl and R. Chancre and J. Dungeon},
  title         = {{SSCH}: Slotted Seeded Channel Hopping for Capacity Improvement in {IEEE} 802.11 Ad-Hoc Wireless Networks},
  booktitle     = {Proceeding of the 10th International Conference on Mobile Computing and Networking (MobiCom'04)},
  publisher     = "ACM",
  address       = "New York, NY",
  year          = {2004},
  pages         = "112--117"
}

@misc{CROSSBOW,
  key       = {CROSSBOW},
  title     = {{XBOW} Sensor Motes Specifications},
  note      = {http://www.xbow.com},
  year      = 2008
}

@article{Culler-01,
  author        = {D. Culler and D. Estrin and M. Srivastava},
  title         = {Overview of Sensor Networks},
  journal       = {IEEE Comput.},
  volume        = 37,
  number        = "8 (Special Issue on Sensor Networks)",
  publisher     = "IEEE",
  address       = "Los Alamitos, CA",
  year          = {2004},
  pages         = "41--49"
}

@misc{Harvard-01,
    key         = {Harvard CodeBlue},
    title       = {{CodeBlue}: Sensor Networks for Medical Care},
    note        = {http://www.eecs.harvard.edu/mdw/ proj/codeblue/},
    year        = 2008
}

@InProceedings{Natarajan-01,
    author      = {A. Natarajan and M. Motani and B. de Silva and K. Yap and K. C. Chua},
    title       = {Investigating Network Architectures for Body Sensor Networks},
    booktitle   = {Network Architectures},
    editor      = {G. Whitcomb and P. Neece},
    publisher   = "Keleuven Press",
    address     = "Dayton, OH",
    year        = {2007},
    pages       = "322--328",
    eprint      = "960935712",
    primaryclass = "cs",
}

@techreport{Tzamaloukas-01,
  author        = {A. Tzamaloukas and J. J. Garcia-Luna-Aceves},
  title         = {Channel-Hopping Multiple Access},
  number =        {I-CA2301},
  institution =   {Department of Computer Science, University of California},
  address =       {Berkeley, CA},
  year          = {2000}
}

@BOOK{Zhou-06,
  author        = {G. Zhou and J. Lu and C.-Y. Wan and M. D. Yarvis and J. A. Stankovic},
  title         = {Body Sensor Networks},
  publisher     = "MIT Press",
  address       = "Cambridge, MA",
  year          = {2008}
}

@mastersthesis{ko94,
author = "Jacob Kornerup",
title = "Mapping Powerlists onto Hypercubes",
school = "The University of Texas at Austin",
note = "(In preparation)",
year = "1994"}
%month = "dec",}

@PhdThesis{gerndt:89,
  author =       "Michael Gerndt",
  title =        "Automatic Parallelization for Distributed-Memory
                  Multiprocessing Systems",
  school =       "University of Bonn",
  year =         1989,
  address =      "Bonn, Germany",
  month =        dec
}

@article{6:1:1,
author = "J. E. {Archer, Jr.} and R. Conway and F. B. Schneider",
title = "User recovery and reversal in interactive systems",
journal = "ACM Trans. Program. Lang. Syst.",
volume =  "6",
number = "1",
month = jan,
year = 1984,
pages = "1--19"}

@article{7:1:137,
author = "D. D. Dunlop and V. R. Basili",
title = "Generalizing specifications for uniformly implemented loops",
journal = "ACM Trans. Program. Lang. Syst.",
volume =  "7",
number = "1",
month = jan,
year = 1985,
pages = "137--158"}

@article{7:2:183,
author = "J. Heering and P. Klint",
title = "Towards monolingual programming environments",
journal = "ACM Trans. Program. Lang. Syst.",
volume =  "7",
number = "2",
month = apr,
year = 1985,
pages = "183--213"}

@book{knuth:texbook,
author = "Donald E. Knuth",
title = "The {\TeX{}book}",
publisher = "Addison-Wesley",
address = "Reading, MA.",
year = 1984}

@article{6:3:380,
author = "E. Korach and D.  Rotem and N. Santoro",
title = "Distributed algorithms for finding centers and medians in networks",
journal = "ACM Trans. Program. Lang. Syst.",
volume =  "6",
number = "3",
month = jul,
year = 1984,
pages = "380--401"}

@book{lamport:latex,
author = "Leslie Lamport",
title = "\it {\LaTeX}: A Document Preparation System",
publisher = "Addison-Wesley",
address = "Reading, MA.",
year = 1986}

@article{7:3:359,
author = "F. Nielson",
title = "Program transformations in a denotational setting",
journal = "ACM Trans. Program. Lang. Syst.",
volume =  "7",
number = "3",
month = jul,
year = 1985,
pages = "359--379"}

%testing
@BOOK{test,
   author = "Donald E. Knuth",
   title = "Seminumerical Algorithms",
   volume = 2,
   series = "The Art of Computer Programming",
   publisher = "Addison-Wesley",
   address = "Reading, MA",
   edition = "2nd",
   month = "10~" # jan,
   year = "1981",
}

@inproceedings{reid:scribe,
author = "Brian K. Reid",
title = "A high-level approach to computer document formatting",
booktitle = "Proceedings of the 7th Annual Symposium on Principles of
  Programming Languages",
month = jan,
year = 1980,
publisher = "ACM",
address = "New York",
pages = "24--31"}

@article{Zhou:2010:MMS:1721695.1721705,
 author = {Zhou, Gang and Wu, Yafeng and Yan, Ting and He, Tian and Huang, Chengdu and Stankovic, John A. and Abdelzaher, Tarek F.},
 title = {A multifrequency MAC specially designed for wireless sensor network applications},
 journal = {ACM Trans. Embed. Comput. Syst.},
 issue_date = {March 2010},
 volume = 9,
 number = 4,
 month = {April},
 year = 2010,
 issn = {1539-9087},
 pages = {39:1--39:41},
 articleno = 39,
 numpages = 41,
 url = {http://doi.acm.org/10.1145/1721695.1721705},
 doi = {10.1145/1721695.1721705},
 acmid = 1721705,
 publisher = {ACM},
 address = {New York, NY, USA},
 keywords = {Wireless sensor networks, media access control, multi-channel, radio interference, time synchronization},
}


@online{TUGInstmem,
  key =          {TUG},
  year  =        2017,
  title =        "Institutional members of the {\TeX} Users Group",
  url =          "http://wwtug.org/instmem.html",
  lastaccessed = "May 27, 2017",
}

@online{CTANacmart,
  author =    {Boris Veytsman},
  title =  {acmart---{C}lass for typesetting publications of {ACM}},
  url =    {http://www.ctan.org/pkg/acmart},
  lastaccessed = {May 27, 2017}
  }

@ARTICLE{bowman:reasoning,
    author = {Bowman, Mic and Debray, Saumya K. and Peterson, Larry L.},
    title = {Reasoning About Naming Systems},
    journal = {ACM Trans. Program. Lang. Syst.},
    volume = {15},
    number = {5},
    pages = {795-825},
    month = {November},
    year = {1993},
    doi = {10.1145/161468.161471},
}

@ARTICLE{braams:babel,
    author = {Braams, Johannes},
    title = {Babel, a Multilingual Style-Option System for Use with LaTeX's Standard Document Styles},
    journal = {TUGboat},
    volume = {12},
    number = {2},
    pages = {291-301},
    month = {June},
    year = {1991},
}

@INPROCEEDINGS{clark:pct,
  AUTHOR = "Malcolm Clark",
  TITLE = "Post Congress Tristesse",
  BOOKTITLE = "TeX90 Conference Proceedings",
  PAGES = "84-89",
  ORGANIZATION = "TeX Users Group",
  MONTH = "March",
  YEAR = {1991}
}

@ARTICLE{herlihy:methodology,
    author = {Herlihy, Maurice},
    title = {A Methodology for Implementing Highly Concurrent Data Objects},
    journal = {ACM Trans. Program. Lang. Syst.},
    volume = {15},
    number = {5},
    pages = {745-770},
    month = {November},
    year = {1993},
    doi = {10.1145/161468.161469},
}

@BOOK{salas:calculus,
  AUTHOR = "S.L. Salas and Einar Hille",
  TITLE = "Calculus: One and Several Variable",
  PUBLISHER = "John Wiley and Sons",
  ADDRESS = "New York",
  YEAR = "1978"
}

@MANUAL{Fear05,
  title =        {Publication quality tables in {\LaTeX}},
  author =       {Simon Fear},
  month =        {April},
  year =         2005,
  note =         {\url{http://www.ctan.org/pkg/booktabs}}
}

@Manual{Amsthm15,
  title =        {Using the amsthm Package},
  organization = {American Mathematical Society},
  month =        {April},
  year =         2015,
  note =         {\url{http://www.ctan.org/pkg/amsthm}}
}
@techreport{collberg1997taxonomy,
  title={A taxonomy of obfuscating transformations},
  author={Collberg, Christian and Thomborson, Clark and Low, Douglas},
  year={1997},
  institution={Department of Computer Science, The University of Auckland, New Zealand}
}

@inproceedings{tiella2017automatic,
  title={Automatic generation of opaque constants based on the k-clique problem for resilient data obfuscation},
  author={Tiella, Roberto and Ceccato, Mariano},
  booktitle={Software Analysis, Evolution and Reengineering (SANER), 2017 IEEE 24th International Conference on},
  pages={182--192},
  year={2017},
  organization={IEEE}
}

@article{falcarin2011guest,
  title={Guest editors' introduction: Software protection},
  author={Falcarin, Paolo and Collberg, Christian and Atallah, Mikhail and Jakubowski, Mariusz},
  journal={IEEE Software},
  volume={28},
  number={2},
  pages={24--27},
  year={2011},
  publisher={IEEE}
}

@misc{reverse_engineering_overview,
	author = {Teodoro Cipresso},
    title = "{Software Reverse Engineering Education}",
    school = {San Jose State University},
    year = 2009
}

@inproceedings{udupa2005deobfuscation,
  title={Deobfuscation: Reverse engineering obfuscated code},
  author={Udupa, Sharath K and Debray, Saumya K and Madou, Matias},
  booktitle={Reverse Engineering, 12th Working Conference on},
  pages={10--pp},
  year={2005},
  organization={IEEE}
}

@inproceedings{ball1999concept,
  title={The concept of dynamic analysis},
  author={Ball, Thoms},
  booktitle={ACM SIGSOFT Software Engineering Notes},
  volume={24},
  number={6},
  pages={216--234},
  year={1999},
  organization={Springer-Verlag}
}

@electronic {ida,
	title = "{IDA: About}",
    url = {https://www.hex-rays.com/products/ida/},
    urldate = {04.28.2016}
}

@electronic {gdb,
	title = "{GDB: The GNU Project Debugger}",
    url = {https://www.gnu.org/software/gdb/},
    urldate = {04.28.2016}
}

@electronic {olly,
	title = "{OllyDbg 2.01}",
    url = {http://www.ollydbg.de/version2.html},
    urldate = {04.28.2016}
}

@electronic {valgrind,
	title = "{Valgrind}",
    url = {http://valgrind.org/},
    urldate = {04.28.2016}
}

@electronic {angr,
	title = "{angr}",
    url = {http://angr.io/},
    urldate = {04.28.2016}
}

@inproceedings{zhang2016attack,
  title={Attack simulation based software protection assessment method},
  author={Zhang, Gaofeng and Falcarin, Paolo and G{\'o}mez-Mart{\'\i}nez, Elena and Islam, Shareeful and Tartary, Christophe and De Sutter, Bjorn and d'Annoville, Jerome},
  booktitle={Cyber Security And Protection Of Digital Services (Cyber Security), 2016 International Conference On},
  pages={1--8},
  year={2016},
  organization={Ieee}
}

@inproceedings{banescu2015framework,
  title={A framework for measuring software obfuscation resilience against automated attacks},
  author={Banescu, Sebastian and Ochoa, Mart{\'\i}n and Pretschner, Alexander},
  booktitle={Software Protection (SPRO), 2015 IEEE/ACM 1st International Workshop on},
  pages={45--51},
  year={2015},
  organization={IEEE}
}

@inproceedings{ceccato2014need,
  title={On the Need for More Human Studies to Assess Software Protection},
  author={Ceccato, Mariano},
  booktitle={Workshop on Continuously Upgradeable Software Security and Protection},
  pages={55--56},
  year={2014}
}

@article{kleinjung2012heterogeneous,
  title={A heterogeneous computing environment to solve the 768-bit RSA challenge},
  author={Kleinjung, Thorsten and Bos, Joppe W and Lenstra, Arjen K and Osvik, Dag Arne and Aoki, Kazumaro and Contini, Scott and Franke, Jens and Thom{\'e}, Emmanuel and Jermini, Pascal and Thi{\'e}mard, Michela and others},
  journal={Cluster Computing},
  volume={15},
  number={1},
  pages={53--68},
  year={2012},
  publisher={Springer}
}

@inproceedings{ceccato2009effectiveness,
  title={The effectiveness of source code obfuscation: An experimental assessment},
  author={Ceccato, Mariano and Di Penta, Massimiliano and Nagra, Jasvir and Falcarin, Paolo and Ricca, Filippo and Torchiano, Marco and Tonella, Paolo},
  booktitle={Program Comprehension, 2009. ICPC'09. IEEE 17th International Conference on},
  pages={178--187},
  year={2009},
  organization={IEEE}
}

@article{sutherland2006empirical,
  title={An empirical examination of the reverse engineering process for binary files},
  author={Sutherland, Iain and Kalb, George E and Blyth, Andrew and Mulley, Gaius},
  journal={Computers \& Security},
  volume={25},
  number={3},
  pages={221--228},
  year={2006},
  publisher={Elsevier}
}


@article{ceccato2014family,
  title={A family of experiments to assess the effectiveness and efficiency of source code obfuscation techniques},
  author={Ceccato, Mariano and Di Penta, Massimiliano and Falcarin, Paolo and Ricca, Filippo and Torchiano, Marco and Tonella, Paolo},
  journal={Empirical Software Engineering},
  volume={19},
  number={4},
  pages={1040--1074},
  year={2014},
  publisher={Springer}
}

@inproceedings{viticchie2016assessment,
  title={Assessment of source code obfuscation techniques},
  author={Viticchi{\'e}, Alessio and Regano, Leonardo and Torchiano, Marco and Basile, Cataldo and Ceccato, Mariano and Tonella, Paolo and Tiella, Roberto},
  booktitle={Source Code Analysis and Manipulation (SCAM), 2016 IEEE 16th International Working Conference on},
  pages={11--20},
  year={2016},
  organization={IEEE}
}

@inproceedings{ceccato2017professional,
  title={How professional hackers understand protected code while performing attack tasks},
  author={Ceccato, Mariano and Tonella, Paolo and Basile, Cataldo and Coppens, Bart and De Sutter, Bjorn and Falcarin, Paolo and Torchiano, Marco},
  booktitle={Proceedings of the 25th International Conference on Program Comprehension},
  pages={154--164},
  year={2017},
  organization={IEEE Press}
}

@inproceedings{taylor2016tool,
  title={A Tool for Teaching Reverse Engineering.},
  author={Taylor, Clark and Colberg, Christian},
  booktitle={ASE@ USENIX Security Symposium},
  year={2016}
}

@inproceedings{burket2015automatic,
  title={Automatic Problem Generation for Capture-the-Flag Competitions},
  author={Burket, Jonathan and Chapman, Peter and Becker, Tim and Ganas, Christopher and Brumley, David},
  booktitle={2015 USENIX Summit on Gaming, Games, and Gamification in Security Education (3GSE 15)},
  year={2015},
  organization={USENIX Association}
}

@article{schreuders2015generating,
  title={Generating randomised virtualised scenarios for ethical hacking and computer security education: SecGen implementation and deployment},
  author={Schreuders, Z Cliffe and Ardern, Lewis},
  year={2015}
}

@inproceedings{yang2011finding,
  title={Finding and understanding bugs in C compilers},
  author={Yang, Xuejun and Chen, Yang and Eide, Eric and Regehr, John},
  booktitle={ACM SIGPLAN Notices},
  volume={46},
  number={6},
  pages={283--294},
  year={2011},
  organization={ACM}
}

@electronic {tigress,
	author = {Christian Collberg},
    title = "{The Tigress C Diversifier/Obfuscator}",
    url = {http://tigress.cs.arizona.edu/index.html},
    urldate = {04.28.2016}
}

@electronic {firejail,
    title = "{Firejail Security Sandbox}",
    url = {https://firejail.wordpress.com/},
    urldate = {10.13.2017}
}

@inproceedings {llvm,
    author={Pascal Junod and Julien Rinaldini and Johan Wehrli and Julie Michielin},
    booktitle={Proceedings of the {IEEE/ACM} 1st International Workshop on Software Protection, {SPRO'15}, Firenze, Italy, May 19th, 2015},
    editor = {Brecht Wyseur},
    title="{Obfuscator-{LLVM} -- Software Protection for the Masses}",
    year={2015},
    pages={3--9},
    doi={10.1109/SPRO.2015.10}
}

@inbook{jsobfuscator,
    author={Bertholon, Beno{\^i}t and Varrette, S{\'e}bastien and Bouvry, Pascal},
    editor={Lopez, Javier and Huang, Xinyi and Sandhu, Ravi},
    title="{JShadObf: A JavaScript Obfuscator Based on Multi-Objective Optimization Algorithms}",
    bookTitle={Network and System Security: 7th International Conference, NSS 2013, Madrid, Spain, June 3-4, 2013. Proceedings},
    year={2013},
    publisher={Springer Berlin Heidelberg},
    pages={336--349},
    isbn={978-3-642-38631-2},
    doi={10.1007/978-3-642-38631-2_25}
}

@article {morph_virus,
    author  = {Jean-Marie Borello and Ludovic Mé}, 
    title   = "{Code obfuscation techniques for metamorphic viruses}",
    journal = {Springer Journal in Computer Virology},
    year    = 2008,
    number  = 3,
    pages   = {211-220},
    month   = 8,
    volume  = 3
}

@inproceedings{banescu2016code,
  title={Code obfuscation against symbolic execution attacks},
  author={Banescu, Sebastian and Collberg, Christian and Ganesh, Vijay and Newsham, Zack and Pretschner, Alexander},
  booktitle={Proceedings of the 32nd Annual Conference on Computer Security Applications},
  pages={189--200},
  year={2016},
  organization={ACM}
}

@inproceedings{schreuders2017security,
  title={Security Scenario Generator (SecGen): A Framework for Generating Randomly Vulnerable Rich-scenario VMs for Learning Computer Security and Hosting CTF Events},
  author={Schreuders, Z Cliffe and Shaw, Thomas and Ravichandran, G and Keighley, J and Ordean, M and others},
  booktitle={USENIX},
  year={2017},
  organization={USENIX Association}
}

@phdthesis{banescu2017characterizing,
  title={Characterizing the Strength of Software Obfuscation Against Automated Attacks},
  author={Banescu, Sebastian-Emilian},
  year={2017},
  school={Technische Universit{\"a}t M{\"u}nchen}
}

@article{pitts1997operationally,
  title={Operationally-based theories of program equivalence},
  author={Pitts, Andrew M},
  journal={Semantics and Logics of Computation},
  volume={14},
  pages={241},
  year={1997}
}

@inproceedings{kundu2009proving,
  title={Proving optimizations correct using parameterized program equivalence},
  author={Kundu, Sudipta and Tatlock, Zachary and Lerner, Sorin},
  booktitle={ACM Sigplan Notices},
  volume={44},
  number={6},
  pages={327--337},
  year={2009},
  organization={ACM}
}

@inproceedings{raber2007deobfuscator,
  title={Deobfuscator: An automated approach to the identification and removal of code obfuscation},
  author={Raber, Jason and Laspe, Eric},
  booktitle={Reverse Engineering, 2007. WCRE 2007. 14th Working Conference on},
  pages={275--276},
  year={2007},
  organization={IEEE}
}

@article{garcia2015obfuscation,
  title={Obfuscation-resilient, efficient, and accurate detection and family identification of android malware},
  author={Garcia, Joshua and Hammad, Mahmoud and Pedrood, Bahman and Bagheri-Khaligh, Ali and Malek, Sam},
  journal={Department of Computer Science, George Mason University, Tech. Rep},
  year={2015}
}

@article{jacob2003eye,
  title={Eye tracking in human-computer interaction and usability research: Ready to deliver the promises},
  author={Jacob, RJ and Karn, Keith S},
  journal={Mind},
  volume={2},
  number={3},
  pages={4},
  year={2003}
}

@inproceedings{ramsbrock2007profiling,
  title={Profiling attacker behavior following SSH compromises},
  author={Ramsbrock, Daniel and Berthier, Robin and Cukier, Michel},
  booktitle={37th Annual IEEE/IFIP international conference on dependable systems and networks (DSN'07)},
  pages={119--124},
  year={2007},
  organization={IEEE}
}

@article{carasso2012exploring,
  title={Exploring splunk},
  author={Carasso, David},
  journal={published by CITO Research, New York, USA, ISBN},
  pages={978--0},
  year={2012}
}

@inproceedings{roesch1999snort,
  title={Snort: Lightweight intrusion detection for networks.},
  author={Roesch, Martin and others},
  booktitle={Lisa},
  volume={99},
  number={1},
  pages={229--238},
  year={1999}
}

@article{bartholomew2012mariadb,
  title={MariaDB vs. MySQL},
  author={Bartholomew, Daniel},
  journal={Dostopano},
  volume={7},
  number={10},
  pages={2014},
  year={2012}
}

@book{vukotic2011apache,
  title={Apache Tomcat 7},
  author={Vukotic, Aleksa and Goodwill, James},
  year={2011},
  publisher={Springer}
}

@article{curtin1998write,
  title={Write once, run anywhere: Why it matters},
  author={Curtin, Matt},
  journal={Technical Article. http://java. sun. com/features/1998/01/wo},
  year={1998}
}

@phdthesis{barker2011jnativehook,
  title={JNativeHook: Global Keyboard and Mouse Hooking for Java},
  author={Barker, Alexander},
  year={2011}
}

@book{muniz2013web,
  title={Web Penetration Testing with Kali Linux},
  author={Muniz, Joseph},
  year={2013},
  publisher={Packt Publishing Ltd}
}

@inproceedings{sen2007concolic,
  title={Concolic testing},
  author={Sen, Koushik},
  booktitle={Proceedings of the twenty-second IEEE/ACM international conference on Automated software engineering},
  pages={571--572},
  year={2007},
  organization={ACM}
}

@inproceedings{plaisant2004challenge,
  title={The challenge of information visualization evaluation},
  author={Plaisant, Catherine},
  booktitle={Proceedings of the working conference on Advanced visual interfaces},
  pages={109--116},
  year={2004},
  organization={ACM}
}

@article{kent2006guide,
  title={Guide to integrating forensic techniques into incident response},
  author={Kent, Karen and Chevalier, Suzanne and Grance, Tim and Dang, Hung},
  journal={NIST Special Publication},
  volume={10},
  pages={800--86},
  year={2006}
}

@article{binde2011assessing,
  title={Assessing outbound traffic to uncover advanced persistent threat},
  author={Binde, Beth and McRee, Russ and O’Connor, Terrence J},
  journal={SANS Institute. Whitepaper},
  year={2011}
}

@article{mikovec2009web,
  title={Web toolkits accessibility study},
  author={Mikovec, Zdenek and Vystrcil, Jan and Slavik, Pavel},
  journal={ACM SIGACCESS Accessibility and Computing},
  number={94},
  pages={3--8},
  year={2009},
  publisher={ACM}
}

@article{redmon2016yolo9000,
  title={YOLO9000: better, faster, stronger},
  author={Redmon, Joseph and Farhadi, Ali},
  journal={arXiv preprint arXiv:1612.08242},
  year={2016}
}

@inproceedings{lattner2004llvm,
  title={LLVM: A compilation framework for lifelong program analysis \& transformation},
  author={Lattner, Chris and Adve, Vikram},
  booktitle={Proceedings of the international symposium on Code generation and optimization: feedback-directed and runtime optimization},
  pages={75},
  year={2004},
  organization={IEEE Computer Society}
}

@inproceedings{taylor2017ctf,
  title={CTF: State-of-the-Art and Building the Next Generation},
  author={Taylor, Clark and Arias, Pablo and Klopchic, Jim and Matarazzo, Celeste and Dube, Evi},
  booktitle={2017 $\{$USENIX$\}$ Workshop on Advances in Security Education ($\{$ASE$\}$ 17)},
  year={2017},
  organization={USENIX Association}
}

@inproceedings{bas2011break,
  title={” Break our steganographic system”: the ins and outs of organizing BOSS},
  author={Bas, Patrick and Filler, Tom{\'a}{\v{s}} and Pevn{\`y}, Tom{\'a}{\v{s}}},
  booktitle={International workshop on information hiding},
  pages={59--70},
  year={2011},
  organization={Springer}
}

@inproceedings{hajivc2009conll,
  title={The CoNLL-2009 shared task: Syntactic and semantic dependencies in multiple languages},
  author={Haji{\v{c}}, Jan and Ciaramita, Massimiliano and Johansson, Richard and Kawahara, Daisuke and Mart{\'\i}, Maria Ant{\`o}nia and M{\`a}rquez, Llu{\'\i}s and Meyers, Adam and Nivre, Joakim and Pad{\'o}, Sebastian and {\v{S}}t{\v{e}}p{\'a}nek, Jan and others},
  booktitle={Proceedings of the Thirteenth Conference on Computational Natural Language Learning: Shared Task},
  pages={1--18},
  year={2009},
  organization={Association for Computational Linguistics}
}

@article{everingham2010pascal,
  title={The pascal visual object classes (voc) challenge},
  author={Everingham, Mark and Van Gool, Luc and Williams, Christopher KI and Winn, John and Zisserman, Andrew},
  journal={International journal of computer vision},
  volume={88},
  number={2},
  pages={303--338},
  year={2010},
  publisher={Springer}
}

@inproceedings{vigna2014ten,
  title={Ten years of ictf: The good, the bad, and the ugly},
  author={Vigna, Giovanni and Borgolte, Kevin and Corbetta, Jacopo and Doupe, Adam and Fratantonio, Yanick and Invernizzi, Luca and Kirat, Dhilung and Shoshitaishvili, Yan},
  booktitle={2014 $\{$USENIX$\}$ Summit on Gaming, Games, and Gamification in Security Education (3GSE 14)},
  year={2014}
}

@article{su2018method,
  title={A Method for Construction of Software Protection Technology Application Sequence Based on Petri Net With Inhibitor Arcs},
  author={Su, Qing and He, Fan and Wu, Naiqi and Lin, Zhiyi},
  journal={IEEE Access},
  volume={6},
  pages={11988--12000},
  year={2018},
  publisher={IEEE}
}

@inproceedings{salwan2018symbolic,
  title={Symbolic Deobfuscation: From Virtualized Code Back to the Original},
  author={Salwan, Jonathan and Bardin, S{\'e}bastien and Potet, Marie-Laure},
  booktitle={International Conference on Detection of Intrusions and Malware, and Vulnerability Assessment},
  pages={372--392},
  year={2018},
  organization={Springer}
}

@InProceedings{   linn_CCS_2003,
  author        = {Linn, Cullen and Debray, Saumya},
  title         = {Obfuscation of Executable Code to Improve Resistance to
                  Static Disassembly},
  booktitle     = {Proceedings of the 10th ACM Conference on Computer and
                  Communications Security},
  series        = {CCS '03},
  year          = {2003},
  isbn          = {1-58113-738-9},
  location      = {Washington D.C., USA},
  pages         = {290--299},
  doi           = {10.1145/948109.948149},
  publisher     = {ACM},
  keywords      = {code obfuscation, disassembly}
}
@INPROCEEDINGS{stephens2018probabilistic, 
author={J. {Stephens} and B. {Yadegari} and C. {Collberg} and S. {Debray} and C. {Scheidegger}}, 
booktitle={2018 IEEE European Symposium on Security and Privacy (EuroS P)}, 
title={Probabilistic Obfuscation Through Covert Channels}, 
year={2018}, 
volume={}, 
number={}, 
pages={243-257}, 
keywords={probability;security of data;software engineering;probabilistic obfuscation;program obfuscation framework;execution environment;runtime system;program analysis tools;symbolic execution engines;covert channels;information flow obfuscation;Semantics;Probabilistic logic;Runtime;Cryptography;Privacy;Operating systems;Obfuscation;Covert Channels;Malware;Symbolic Analysis;Privacy;System Security}, 
doi={10.1109/EuroSP.2018.00025}, 
ISSN={}, 
month={April},}

@InProceedings{	  yadegari15generic,
  author	= {B. Yadegari and B. Johannesmeyer and B. Whitely and S.
		  Debray},
  booktitle	= {2015 IEEE Symposium on Security and Privacy (SP)},
  title		= {A Generic Approach to Automatic Deobfuscation of
		  Executable Code},
  year		= {2015},
  volume	= {00},
  number	= {},
  pages		= {674-691},
  keywords	= {IP networks;Libraries;Programming;Algorithm design and
		  analysis;Semantics;Reverse engineering;Security},
  doi		= {10.1109/SP.2015.47},
  url		= {doi.ieeecomputersociety.org/10.1109/SP.2015.47},
  issn		= {1081-6011},
  month		= {May}
}

@inproceedings{kalysch2017vmattack,
  title={Vmattack: Deobfuscating virtualization-based packed binaries},
  author={Kalysch, Anatoli and G{\"o}tzfried, Johannes and M{\"u}ller, Tilo},
  booktitle={Proceedings of the 12th International Conference on Availability, Reliability and Security},
  pages={2},
  year={2017},
  organization={ACM}
}

@inproceedings{yadegari2015symbolic,
  title={Symbolic execution of obfuscated code},
  author={Yadegari, Babak and Debray, Saumya},
  booktitle={Proceedings of the 22nd ACM SIGSAC Conference on Computer and Communications Security},
  pages={732--744},
  year={2015},
  organization={ACM}
}

@inproceedings{kinder2012towards,
  title={Towards static analysis of virtualization-obfuscated binaries},
  author={Kinder, Johannes},
  booktitle={2012 19th Working Conference on Reverse Engineering},
  pages={61--70},
  year={2012},
  organization={IEEE}
}

@inproceedings{dalla2006opaque,
  title={Opaque predicates detection by abstract interpretation},
  author={Dalla Preda, Mila and Madou, Matias and De Bosschere, Koen and Giacobazzi, Roberto},
  booktitle={International Conference on Algebraic Methodology and Software Technology},
  pages={81--95},
  year={2006},
  organization={Springer}
}

@inproceedings{kruegel2004static,
  title={Static disassembly of obfuscated binaries},
  author={Kruegel, Christopher and Robertson, William and Valeur, Fredrik and Vigna, Giovanni},
  booktitle={USENIX security Symposium},
  volume={13},
  pages={18--18},
  year={2004}
}

@inproceedings{madou2005hybrid,
  title={Hybrid static-dynamic attacks against software protection mechanisms},
  author={Madou, Matias and Anckaert, Bertrand and De Sutter, Bjorn and De Bosschere, Koen},
  booktitle={Proceedings of the 5th ACM workshop on Digital rights management},
  pages={75--82},
  year={2005},
  organization={ACM}
}

@inproceedings{salem2016metadata,
  title={Metadata recovery from obfuscated programs using machine learning},
  author={Salem, Aleieldin and Banescu, Sebastian},
  booktitle={Proceedings of the 6th Workshop on Software Security, Protection, and Reverse Engineering},
  pages={1},
  year={2016},
  organization={ACM}
}

@inproceedings{liang2017deobfuscation,
  title={Deobfuscation of Virtualization-obfuscated Code through Symbolic Execution and Compilation Optimization},
  author={Liang, Mingyue and Li, Zhoujun and Zeng, Qiang and Fang, Zhejun},
  booktitle={International Conference on Information and Communications Security},
  pages={313--324},
  year={2017},
  organization={Springer}
}

@InProceedings{   rolles09unpacking,
  author        = {Rolf Rolles},
  title         = {Unpacking Virtualization Obfuscators},
  booktitle     = {Proceedings of the 3rd USENIX Conference on Offensive
                  Technologies},
  series        = {WOOT'09},
  year          = {2009},
  location      = {Montreal, Canada},
  pages         = {1--1},
  publisher     = {USENIX Association}
}

@InProceedings{   yadegari15symbolic,
  author        = {Yadegari, Babak and Debray, Saumya},
  title         = {Symbolic Execution of Obfuscated Code},
  booktitle     = {Proceedings of the 22Nd ACM SIGSAC Conference on Computer
                  and Communications Security},
  series        = {CCS '15},
  year          = {2015},
  isbn          = {978-1-4503-3832-5},
  location      = {Denver, Colorado, USA},
  pages         = {732--744},
  doi           = {10.1145/2810103.2813663},
  publisher     = {ACM},
  keywords      = {obfuscation, reverse engineering, symbolic execution,
                  taint analysis}
}

@InProceedings{   Wang2013,
  author        = {Huaijun Wang and Dingyi Fang and Ni Wang and Zhanyong Tang
                  and Feng Chen and Yuanxiang Gu},
  booktitle     = {IEEE 10th Int'l Conf.\ on High Performance Computing and
                  Communications},
  title         = {Method to Evaluate Software Protection Based on Attack
                  Modeling},
  year          = {2013},
  month         = nov,
  pages         = {837--844},
  keywords      = {Petri nets;security of data;Petri net;attack cost;attack
                  model SAMMPN;attack modeling;evaluation method;relevant
                  attacking information;software attack model;software attack
                  process;software protection research;software protection
                  technologies;Firing;Manuals;Measurement;Security;Software;Software
                  algorithms;Software protection;Attack Model;Effectiveness
                  Evaluation;Petri Net;Software Protection}
}

@Article{         basile2019meta,
  author        = {Basile, Cataldo and Cavanese, Daniele and Regano, Leonardo
                  and Falcarin, Paolo and De Sutter, Bjorn},
  title         = {A Meta-model for Software Protections and Reverse
                  Engineering Attacks},
  journal       = {Journal of Systems and Software},
  year          = {2019},
}

@inproceedings{kleinjung2010factorization,
  title={Factorization of a 768-bit RSA modulus},
  author={Kleinjung, Thorsten and Aoki, Kazumaro and Franke, Jens and Lenstra, Arjen K and Thom{\'e}, Emmanuel and Bos, Joppe W and Gaudry, Pierrick and Kruppa, Alexander and Montgomery, Peter L and Osvik, Dag Arne and others},
  booktitle={Annual Cryptology Conference},
  pages={333--350},
  year={2010},
  organization={Springer}
}

@article{weisstein2003rsa,
  title={RSA Number},
  author={Weisstein, Eric W},
  year={2003},
  publisher={Wolfram Research, Inc.}
}

@misc{alaska, title={Alaska}, url={https://alaska.utt.fr/#top}, journal={Alaska}}

@inproceedings{westfeld1999attacks,
  title={Attacks on steganographic systems},
  author={Westfeld, Andreas and Pfitzmann, Andreas},
  booktitle={International workshop on information hiding},
  pages={61--76},
  year={1999},
  organization={Springer}
}

@inproceedings{buchholz2006conll,
  title={CoNLL-X shared task on multilingual dependency parsing},
  author={Buchholz, Sabine and Marsi, Erwin},
  booktitle={Proceedings of the tenth conference on computational natural language learning},
  pages={149--164},
  year={2006},
  organization={Association for Computational Linguistics}
}

@article{sang2000introduction,
  title={Introduction to the CoNLL-2000 shared task: Chunking},
  author={Sang, Erik F and Buchholz, Sabine},
  journal={arXiv preprint cs/0009008},
  year={2000}
}

@misc{ches2017challenge, title={CHES 2017 Capture the Flag Challenge}, url={https://whibox-contest.github.io/}, journal={CHES 2017 Challenge}}

@inproceedings{cadar2008klee,
  title={KLEE: Unassisted and Automatic Generation of High-Coverage Tests for Complex Systems Programs.},
  author={Cadar, Cristian and Dunbar, Daniel and Engler, Dawson R and others},
  booktitle={OSDI},
  volume={8},
  pages={209--224},
  year={2008}
}

@article{best2003analyzing,
  title={Analyzing code coverage with gcov},
  author={Best, Steve},
  journal={Linux Magazine},
  pages={43--50},
  year={2003}
}

@book{neustifter2010efficient,
  title={Efficient profiling in the LLVM compiler infrastructure},
  author={Neustifter, Andreas},
  year={2010},
  publisher={na}
}
@inproceedings{DBLP:conf/ndss/StephensGSDWCSK16,
  author    = {Nick Stephens and
               John Grosen and
               Christopher Salls and
               Andrew Dutcher and
               Ruoyu Wang and
               Jacopo Corbetta and
               Yan Shoshitaishvili and
               Christopher Kruegel and
               Giovanni Vigna},
  title     = {Driller: Augmenting Fuzzing Through Selective Symbolic Execution},
  booktitle = {{NDSS}},
  publisher = {The Internet Society},
  year      = {2016}
}

@Misc{            horning05softwarea,
  author        = {James J. Horning and W. Olin Sibert and Robert E. Tarjan
                  and Umesh Maheshwari and William G. Horne and Andrew K.
                  Wright and Lesley R. Matheson and Susan Owicki},
  title         = {Software self-defense systems and methods},
  note          = {Assigned to InterTrust Technologies Corporation},
  day           = 15,
  month         = sep,
  year          = 2005,
  url           = {www.freepatentsonline.com/20050204348.html}
}


@InProceedings{   chow02white-box,
  author        = {S. Chow and P. Eisen and H. Johnson and P. van Oorschot},
  title         = {White-Box Cryptography and an AES Implementation},
  booktitle     = {9th Annual Workshop on Selected Areas in Cryptography (sac
                  2002.},
  year          = {2002},
  url           = {citeseer.ist.psu.edu/article/chow02whitebox.html}
}
@Article{         cohen93operating,
  author        = {Frederick B. Cohen},
  title         = {Operating system protection through program evolution},
  journal       = {Computer Security},
  volume        = {12},
  number        = {6},
  year          = {1993},
  issn          = {0167-4048},
  pages         = {565--584},
  doi           = {http://dx.doi.org/10.1016/0167-4048(93)90054-9},
  publisher     = {Elsevier Advanced Technology Publications}
}

@Article{Skulason92mutation,
   author="Fridrik Skulason",
   title="The Mutation Engine--The Final Nail?",
   journal = "Virus Bulletin",
   month=apr,
   year=1992
   }
   
   @Book{            collberg_surreptitious_2010,
  title         = {Surreptitious Software: Obfuscation, Watermarking, and
                  Tamperproofing for Software Protection},
  isbn          = {9780321549259},
  shorttitle    = {Surreptitious Software},
  language      = {en},
  publisher     = {Pearson Education},
  author        = {Collberg, Christian and Nagra, Jasvir},
  year          = {2010},
  keywords      = {obf:malware, Computers / Database Management / General,
                  Computers / General, Computers / Information Theory,
                  Computers / Security / General, Computers / Social Aspects
                  / General, Computers / Software Development \& Engineering
                  / General, Computers / Software Development \& Engineering
                  / Quality Assurance \& Testing}
}
@PhDThesis{       wang00security,
  author        = {Chenxi Wang},
  title         = {A Security Architecture for Survivability Mechanisms},
  school        = {University of Virginia},
  year          = {2000},
  month         = oct,
  note          = {\url{http://citeseer.ist.psu.edu/wang00security.html}}
}
@Misc{            chow05tamper,
  author        = {Stanley T. Chow and Harold J. Johnson and Yuan Gu},
  title         = {Tamper resistant software encoding},
  note          = {Assigned to Cloakware Corporation (Ottawa, CA)},
  day           = 11,
  month         = jan,
  year          = 2005,
  url           = {www.freepatentsonline.com/6842862.html}
}

@inproceedings{Zhou:2007:IHS:1784964.1784971,
 author = {Zhou, Yongxin and Main, Alec and Gu, Yuan X. and Johnson, Harold},
 title = {Information Hiding in Software with Mixed Boolean-arithmetic Transforms},
 booktitle = {Proceedings of the 8th International Conference on Information Security Applications},
 series = {WISA'07},
 year = {2007},
 isbn = {3-540-77534-X, 978-3-540-77534-8},
 location = {Jeju Island, Korea},
 pages = {61--75},
 numpages = {15},
 acmid = {1784971},
 publisher = {Springer-Verlag},
 address = {Berlin, Heidelberg},
} 
@InProceedings{   FPS12b,
  author        = {Foket, Christophe and De Sutter, Bjorn and Coppens, Bart
                  and De Bosschere, Koen},
  title         = {A Novel Obfuscation: Class Hierarchy Flattening},
  booktitle     = {5th International Symposium on Foundations & Practice of
                  Security (FPS 2012)},
  year          = {2012},
  month         = {10},
  pages         = {194--210},
  series        = {LNCS},
  number        = {7743}
}

@inproceedings{krinke2001identifying,
  title={Identifying similar code with program dependence graphs},
  author={Krinke, Jens},
  booktitle={Proceedings Eighth Working Conference on Reverse Engineering},
  pages={301--309},
  year={2001},
  organization={IEEE}
}

@InProceedings{   heffner04obfuscation,
  author        = {Kelly Heffner and Christian S. Collberg},
  title         = {The Obfuscation Executive},
  booktitle     = {Information Security, 7th International Conference},
  year          = {2004},
  pages         = {428-440},
  publisher     = {Springer Verlag},
  note          = {Lecture Notes in Computer Science, \#3225}
}

@INPROCEEDINGS{Hosseinzadeh2015, 
author={S. {Hosseinzadeh} and S. {Rauti} and S. {Hyrynsalmi} and V. {Leppänen}}, 
booktitle={2015 International Conference on Computing, Communication and Security (ICCCS)}, 
title={Security in the Internet of Things through obfuscation and diversification}, 
year={2015}, 
volume={}, 
number={}, 
pages={1-5}, 
keywords={application program interfaces;Internet of Things;operating systems (computers);security of data;Internet of Things;IoT;obfuscation techniques;diversification techniques;security techniques;operating systems;API;Impedance;Wireless LAN;Substrates;Feeds;Radar antennas;Apertures;Internet of Things;IoT;security;privacy;obfuscation;diversification}, 
doi={10.1109/CCCS.2015.7374189}, 
ISSN={}, 
month={Dec},}
@inproceedings{holder,
 author = {Holder, William and McDonald, J. Todd and Andel, Todd R.},
 title = {Evaluating Optimal Phase Ordering in Obfuscation Executives},
 booktitle = {Proceedings of the 7th Software Security, Protection, and Reverse Engineering / Software Security and Protection Workshop},
 series = {SSPREW-7},
 year = {2017},
 isbn = {978-1-4503-5387-8},
 location = {Orlando, FL, USA},
 pages = {6:1--6:12},
 articleno = {6},
 numpages = {12},
 url = {http://doi.acm.org/10.1145/3151137.3151140},
 doi = {10.1145/3151137.3151140},
 acmid = {3151140},
 publisher = {ACM},
 address = {New York, NY, USA},
 keywords = {Obfuscation, obfuscation executive, phase ordering, software protection, symbolic execution},
} 

@inproceedings{heffner,
  title={The obfuscation executive},
  author={Heffner, Kelly and Collberg, Christian},
  booktitle={International Conference on Information Security},
  pages={428--440},
  year={2004},
  organization={Springer}
}

%%%% Obfuscation in general %%%%

@INPROCEEDINGS{7174810, 
author={S. Banescu and M. Ochoa and A. Pretschner}, 
booktitle={2015 IEEE/ACM 1st International Workshop on Software Protection}, 
title={A Framework for Measuring Software Obfuscation Resilience against Automated Attacks}, 
year={2015}, 
pages={45-51}, 
keywords={cryptography;industrial property;software reliability;attacker protection;automated attack;critical data secret;cryptography;deobfuscation;formal model;intellectual property;software obfuscation resilience measure;symbolic execution;Ciphers;Concrete;Encoding;Licenses;Software;Virtualization;deobfuscation;obfuscation;symbolic execution}, 
doi={10.1109/SPRO.2015.16}, 
month={May},}

@INPROCEEDINGS{5090041, 
author={M. Ceccato and M. Di Penta and J. Nagra and P. Falcarin and F. Ricca and M. Torchiano and P. Tonella}, 
booktitle={2009 IEEE 17th International Conference on Program Comprehension}, 
title={The effectiveness of source code obfuscation: An experimental assessment}, 
year={2009}, 
pages={178-187}, 
keywords={Java;security of data;Java code;protection mechanism;software protection;software system;source code obfuscation techniques;Application software;Automatic control;Data structures;Encoding;Java;Performance analysis;Protection;Reverse engineering;Software measurement;Software systems;Empirical studies;Program comprehension;Software Obfuscation}, 
doi={10.1109/ICPC.2009.5090041}, 
ISSN={1092-8138}, 
month={May},}

@article{Ceccato:2014:FEA:2630428.2630475,
 author = {Ceccato, Mariano and Penta, Massimiliano and Falcarin, Paolo and Ricca, Filippo and Torchiano, Marco and Tonella, Paolo},
 title = {A Family of Experiments to Assess the Effectiveness and Efficiency of Source Code Obfuscation Techniques},
 journal = {Empirical Softw. Engg.},
 issue_date = {August    2014},
 volume = {19},
 number = {4},
 month = aug,
 year = {2014},
 issn = {1382-3256},
 pages = {1040--1074},
 numpages = {35},
 url = {http://dx.doi.org/10.1007/s10664-013-9248-x},
 doi = {10.1007/s10664-013-9248-x},
 acmid = {2630475},
 publisher = {Kluwer Academic Publishers},
 address = {Hingham, MA, USA},
 keywords = {Empirical studies, Program comprehension, Software obfuscation},
} 

@Inbook{Kuzurin2007,
author="Kuzurin, Nikolay
and Shokurov, Alexander
and Varnovsky, Nikolay
and Zakharov, Vladimir",
editor="Garay, Juan A.
and Lenstra, Arjen K.
and Mambo, Masahiro
and Peralta, Ren{\'e}",
title="On the Concept of Software Obfuscation in Computer Security",
bookTitle="Information Security: 10th International Conference, ISC 2007, Valpara{\'i}so, Chile, October 9-12, 2007. Proceedings",
year="2007",
publisher="Springer Berlin Heidelberg",
address="Berlin, Heidelberg",
pages="281--298",
doi="10.1007/978-3-540-75496-1_19",
url="http://dx.doi.org/10.1007/978-3-540-75496-1_19"
}

@Article{Ceccato2015,
author="Ceccato, Mariano
and Capiluppi, Andrea
and Falcarin, Paolo
and Boldyreff, Cornelia",
title="A large study on the effect of code obfuscation on the quality of java code",
journal="Empirical Software Engineering",
year="2015",
month="Dec",
day="01",
volume="20",
number="6",
pages="1486--1524",
issn="1573-7616",
doi="10.1007/s10664-014-9321-0",
url="http://dx.doi.org/10.1007/s10664-014-9321-0"
}

@article{collberg2002watermarking,
  title={Watermarking, tamper-proofing, and obfuscation-tools for software protection},
  author={Collberg, Christian S. and Thomborson, Clark},
  journal={IEEE Transactions on software engineering},
  volume={28},
  number={8},
  pages={735--746},
  year={2002},
  publisher={IEEE}
}


@article{Naumovich2003,
 author = {Naumovich, Gleb and Memon, Nasir},
 title = {Preventing Piracy, Reverse Engineering, and Tampering},
 journal = {Computer},
 issue_date = {July 2003},
 volume = {36},
 number = {7},
 month = jul,
 year = {2003},
 issn = {0018-9162},
 pages = {64--71},
 numpages = {8},
 url = {http://dx.doi.org/10.1109/MC.2003.1212692},
 doi = {10.1109/MC.2003.1212692},
 acmid = {858711},
 publisher = {IEEE Computer Society Press},
 address = {Los Alamitos, CA, USA},
} 



@INPROCEEDINGS{7781792, 
author={A. Viticchié and L. Regano and M. Torchiano and C. Basile and M. Ceccato and P. Tonella and R. Tiella}, 
booktitle={2016 IEEE 16th International Working Conference on Source Code Analysis and Manipulation (SCAM)}, 
title={Assessment of Source Code Obfuscation Techniques}, 
year={2016}, 
pages={11-20}, 
keywords={C language;safety-critical software;source code (software);C language;VarMerge;data obfuscation;malicious tampering;software protections;source code obfuscation assessment;Complexity theory;Cryptography;Delays;Encoding;Software;Software protection}, 
doi={10.1109/SCAM.2016.17}, 
month={Oct},}

@inproceedings{Collberg2012Distributed,
   author = {Christian Collberg and Sam Martin and Jonathan Myers and Jasvir Nagra},
   title = {Distributed Application Tamper Detection via Continuous Software Updates},
   booktitle = {Proceedings of the 28th Annual Computer Security Applications Conference},
   series = {ACSAC '12},
   year = {2012},
   isbn = {978-1-4503-1312-4},
   location = {Orlando, Florida},
   pages = {319--328},
   url = {http://doi.acm.org/10.1145/2420950.2420997},
   doi = {10.1145/2420950.2420997},
   publisher = {ACM},
   address = {New York, NY, USA},
}

%%%% Energy evaluation %%%%

@article{jagroep2016resource,
  title={A resource utilization score for software energy consumption},
  author={Jagroep, EA and van der Werf, Jan Martijn EM and Broekman, Jordy and Blom, Leen and van Vliet, Rob and Brinkkemper, S},
  journal={ICT for Sustainability 2016},
  pages={19--28},
  year={2016}
}  

@inproceedings{Pinto:2015:REE:2820158.2820165,
 author = {Pinto, Gustavo and Soares-Neto, Francisco and Castor, Fernando},
 title = {Refactoring for Energy Efficiency: A Reflection on the State of the Art},
 booktitle = {Proceedings of the Fourth International Workshop on Green and Sustainable Software},
 series = {GREENS '15},
 year = {2015},
 location = {Florence, Italy},
 pages = {29--35},
 numpages = {7},
 url = {http://dl.acm.org/citation.cfm?id=2820158.2820165},
 acmid = {2820165},
 publisher = {IEEE Press},
 address = {Piscataway, NJ, USA},
} 

@INPROCEEDINGS{7886906, 
author={S. Hasan and Z. King and M. Hafiz and M. Sayagh and B. Adams and A. Hindle}, 
booktitle={2016 IEEE/ACM 38th International Conference on Software Engineering (ICSE)}, 
title={Energy Profiles of Java Collections Classes}, 
year={2016}, 
pages={225-236}, 
keywords={Java;ArrayList;Java List;Java collections classes;LinkedList;Set abstractions;energy profiles;Encoding;Energy consumption;Energy measurement;Java;Semiconductor device measurement;Software;Software engineering;API;Collections;Energy Profile;Java}, 
doi={10.1145/2884781.2884869}, 
month={May},}

@article {DAC:DAC3235,
author = {Ahmad, Raja Wasim and Gani, Abdullah and Ab Hamid, Siti Hafizah and Naveed, Anjum and KO, Kwangman and Rodrigues, Joel J. P. C.},
title = {A case and framework for code analysis–based smartphone application energy estimation},
journal = {International Journal of Communication Systems},
volume = {30},
number = {10},
issn = {1099-1131},
url = {http://dx.doi.org/10.1002/dac.3235},
doi = {10.1002/dac.3235},
pages = {e3235--n/a},
keywords = {application energy, energy estimation, energy profiling, profiling overhead},
year = {2017},
note = {e3235 dac.3235},
}

@Inbook{Polakis2015,
author="Polakis, Iasonas
and Diamantaris, Michalis
and Petsas, Thanasis
and Maggi, Federico
and Ioannidis, Sotiris",
editor="Almgren, Magnus
and Gulisano, Vincenzo
and Maggi, Federico",
title="Powerslave: Analyzing the Energy Consumption of Mobile Antivirus Software",
bookTitle="Detection of Intrusions and Malware, and Vulnerability Assessment: 12th International Conference, DIMVA 2015, Milan, Italy, July 9-10, 2015, Proceedings",
year="2015",
publisher="Springer International Publishing",
address="Cham",
pages="165--184",
doi="10.1007/978-3-319-20550-2_9",
url="http://dx.doi.org/10.1007/978-3-319-20550-2_9"
}

@inproceedings{Hao:2013:EMA:2486788.2486801,
 author = {Hao, Shuai and Li, Ding and Halfond, William G. J. and Govindan, Ramesh},
 title = {Estimating Mobile Application Energy Consumption Using Program Analysis},
 booktitle = {Proceedings of the 2013 International Conference on Software Engineering},
 series = {ICSE '13},
 year = {2013},
 isbn = {978-1-4673-3076-3},
 location = {San Francisco, CA, USA},
 pages = {92--101},
 numpages = {10},
 url = {http://dl.acm.org/citation.cfm?id=2486788.2486801},
 acmid = {2486801},
 publisher = {IEEE Press},
 address = {Piscataway, NJ, USA},
} 

@INPROCEEDINGS{1231830, 
author={N. R. Potlapally and S. Ravi and A. Raghunathan and N. K. Jha}, 
booktitle={Low Power Electronics and Design, 2003. ISLPED '03. Proceedings of the 2003 International Symposium on}, 
title={Analyzing the energy consumption of security protocols}, 
year={2003}, 
pages={30-35}, 
keywords={cells (electric);cryptography;data acquisition;data communication;mobile computing;notebook computers;operating systems (computers);power supplies to apparatus;protocols;real-time systems;telecommunication security;wireless LAN;Linux;OpenSSL;PC-based data acquisition system;SSL transport-layer security protocol;Secure Sockets Layer;authentication mechanisms;battery life constraint;battery powered embedded systems;cipher modes;cipher strength;cipher suites;cryptographic algorithm level parameters;cryptographic algorithms;energy consumption;energy efficient security;energy requirements;iPAQ PDA;measurement-based testbed;parametrizable SSL client/server test programs;protocol level parameters;real-time current measurement;secure data transactions;security mechanisms;security protocols;transaction sizes;wired Internet;wireless LAN;wireless data applications;Batteries;Communication system security;Cryptographic protocols;Cryptography;Current measurement;Data security;Energy consumption;Energy efficiency;Power system security;System testing}, 
doi={10.1109/LPE.2003.1231830}, 
month={Aug},}

@inproceedings{potlapally2003analyzing,
  title={Analyzing the energy consumption of security protocols},
  author={Potlapally, Nachiketh R and Ravi, Srivaths and Raghunathan, Anand and Jha, Niraj K},
  booktitle={Proceedings of the 2003 international symposium on Low power electronics and design},
  pages={30--35},
  year={2003},
  organization={ACM},}

@INPROCEEDINGS{5983970, 
author={P. Miranda and M. Siekkinen and H. Waris}, 
booktitle={2011 IEEE Symposium on Computers and Communications (ISCC)}, 
title={TLS and energy consumption on a mobile device: A measurement study}, 
year={2011}, 
pages={983-989}, 
keywords={cryptographic protocols;mobile radio;telecommunication security;3G network interfaces;I/O energy;Nokia N95;TLS energy overhead;TLS handshake;TLS transaction;WLAN;Web service;cryptographic algorithm;end-to-end security protocol;energy consumption;mobile device;record protocol;transport layer security;Encryption;Energy consumption;Energy measurement;Protocols;Servers;Wireless LAN}, 
doi={10.1109/ISCC.2011.5983970}, 
ISSN={1530-1346}, 
month={June},}

@INPROCEEDINGS{1347774, 
author={P. G. Argyroudis and R. Verma and H. Tewari and D. O'Mahony}, 
booktitle={Third IEEE International Symposium on Network Computing and Applications, 2004. (NCA 2004). Proceedings.}, 
title={Performance analysis of cryptographic protocols on handheld devices}, 
year={2004}, 
pages={169-174}, 
keywords={ad hoc networks;cryptography;mobile computing;mobile radio;performance evaluation;personal communication networks;protocols;IPsec;Internet-based services;S/MIME;SSL;ad hoc networking;cryptographic functions;cryptographic protocols;performance analysis;personal communication;real-time mobile transactions;security protocols;wireless mobile handheld devices;Communication system security;Cryptographic protocols;Electronic commerce;Handheld computers;Mobile communication;Mobile computing;Performance analysis;Personal digital assistants;Public key cryptography;Workstations}, 
doi={10.1109/NCA.2004.1347774}, 
month={Aug},}

%%%% Obfuscation+Energy %%%%

@INPROCEEDINGS{6976079, 
author={C. Sahin and P. Tornquist and R. Mckenna and Z. Pearson and J. Clause}, 
booktitle={2014 IEEE International Conference on Software Maintenance and Evolution}, 
title={How Does Code Obfuscation Impact Energy Usage?}, 
year={2014}, 
pages={131-140}, 
keywords={computer crime;energy consumption;mobile computing;source code (software);battery life;code obfuscation;energy consumption;energy usage;mobile application development;mobile developer;piracy rate;software piracy;Androids;Batteries;Calculators;Energy consumption;Humanoid robots;Mobile communication;Power measurement;Code Obfuscation;Empirical Study;Energy}, 
doi={10.1109/ICSME.2014.35}, 
ISSN={1063-6773}, 
month={Sept},}

@article{Ceccato,
 author = {Ceccato, Mariano and Capiluppi, Andrea and Falcarin, Paolo and Boldyreff, Cornelia},
 title = {A Large Study on the Effect of Code Obfuscation on the Quality of Java Code},
 journal = {Empirical Softw. Engg.},
 issue_date = {December  2015},
 volume = {20},
 number = {6},
 month = dec,
 year = {2015},
 issn = {1382-3256},
 pages = {1486--1524},
 numpages = {39},
 url = {http://dx.doi.org/10.1007/s10664-014-9321-0},
 doi = {10.1007/s10664-014-9321-0},
 acmid = {2837387},
 publisher = {Kluwer Academic Publishers},
 address = {Hingham, MA, USA},
} 

@article{dhukovic2015load,
  title={Load profile-based efficiency metrics for code obfuscators},
  author={Dhukovic, Marko and Varga, Ervin},
  journal={Acta Polytechnica Hungarica},
  volume={12},
  number={5},
  year={2015}
}

@article{raj2017modelling,
  title={Modelling the Impact of Code Obfuscation on Energy Usage},
  author={Raj, Athul and Jithish, J and Sankaran, Sriram},
  booktitle={CEUR Workshop Proceedings},
  volume={1819},
  year={2017}
}

%%%% Performance evaluation on RPi/ES %%%%

@inproceedings{morabito2016performance,
  title={A performance evaluation of container technologies on Internet of Things devices},
  author={Morabito, Roberto},
  booktitle={Computer Communications Workshops (INFOCOM WKSHPS), 2016 IEEE Conference on},
  pages={999--1000},
  year={2016},
  organization={IEEE}
}

@inproceedings{kaup2014powerpi,
  title={PowerPi: Measuring and modeling the power consumption of the Raspberry Pi},
  author={Kaup, Fabian and Gottschling, Philip and Hausheer, David},
  booktitle={Local Computer Networks (LCN), 2014 IEEE 39th Conference on},
  pages={236--243},
  year={2014},
  organization={IEEE}
}

@INPROCEEDINGS{7737367, 
author={G. Bekaroo and A. Santokhee}, 
booktitle={2016 IEEE International Conference on Emerging Technologies and Innovative Business Practices for the Transformation of Societies (EmergiTech)}, 
title={Power consumption of the Raspberry Pi: A comparative analysis}, 
year={2016}, 
pages={361-366}, 
keywords={microcomputers;power consumption;British computer;Raspberry Pi;Web browsing;desktop computers;laptops;personal computers;power consumption;power drainer;smart phones;tablets;Economic indicators;Portable computers;Power demand;Power measurement;Smart phones;Power Analysis;Power Consumption Measurement;RPi Power Reduction;Raspberry Pi Power}, 
doi={10.1109/EmergiTech.2016.7737367}, 
month={Aug},}

@article{maksimovic2014raspberry,
  title={Raspberry Pi as Internet of things hardware: performances and constraints},
  author={Maksimovi{\'c}, Mirjana and Vujovi{\'c}, Vladimir and Davidovi{\'c}, Nikola and Milo{\v{s}}evi{\'c}, Vladimir and Peri{\v{s}}i{\'c}, Branko},
  journal={International Conference on Electrical, Electronic and
Computing Engineering - IcETRAN 2014},
  volume={3},
  pages={8},
  year={2014}
}

@INPROCEEDINGS{990739, 
author={M. R. Guthaus and J. S. Ringenberg and D. Ernst and T. M. Austin and T. Mudge and R. B. Brown}, 
booktitle={Proceedings of the Fourth Annual IEEE International Workshop on Workload Characterization. WWC-4 (Cat. No.01EX538)}, 
title={MiBench: A free, commercially representative embedded benchmark suite}, 
year={2001}, 
pages={3-14}, 
keywords={embedded systems;instruction sets;security of data;software performance evaluation;telecommunication computing;ARM instruction set;SPEC2000;SimpleScalar;benchmark suite;benchmarking;embedded programs;performance;representative embedded programs;Application software;Code standards;Computer science;Digital audio players;Instruction sets;Microcontrollers;Microprocessors;Multimedia systems;Parallel processing;Process design}, 
doi={10.1109/WWC.2001.990739}, 
month={Dec},}

%%%% IoTs %%%%
@ARTICLE{5675772, 
author={A. Iera and C. Floerkemeier and J. Mitsugi and G. Morabito}, 
journal={IEEE Wireless Communications}, 
title={The Internet of things [Guest Editorial]}, 
year={2010}, 
volume={17}, 
number={6}, 
pages={8-9}, 
keywords={Internet;Special issues and sections;Technology forecasting;Web services}, 
doi={10.1109/MWC.2010.5675772}, 
ISSN={1536-1284}, 
month={December},}

@ARTICLE{7823334, 
author={J. Zhou and Z. Cao and X. Dong and A. V. Vasilakos}, 
journal={IEEE Communications Magazine}, 
title={Security and Privacy for Cloud-Based IoT: Challenges}, 
year={2017}, 
volume={55}, 
number={1}, 
pages={26-33}, 
keywords={Internet of Things;cloud computing;data aggregation;data privacy;mobile computing;next generation networks;security of data;Internet of Things;cloud-based IoT;data processing;data storage;next generation mobile technologies;privacy preserving authentication;privacy preserving data aggregation;privacy requirements;security requirements;ubiquitous computing service;Cloud computing;Computer security;Internet of things;Privacy;Ubiquitous computing}, 
doi={10.1109/MCOM.2017.1600363CM}, 
ISSN={0163-6804}, 
month={January},}

@ARTICLE{7054433, 
author={S. N. Premnath and Z. J. Haas}, 
journal={IEEE Wireless Communications Letters}, 
title={Security and Privacy in the Internet-of-Things Under Time-and-Budget-Limited Adversary Model}, 
year={2015}, 
volume={4}, 
number={3}, 
pages={277-280}, 
keywords={Internet of Things;public key cryptography;Internet-of-Things;IoT security;cryptographic key sizes;data protection;privacy protection;public Internet;public key crypto systems;Privacy;Public key cryptography;Servers;Smart meters;Internet of things;cryptographic key size;smart grid}, 
doi={10.1109/LWC.2015.2408609}, 
ISSN={2162-2337}, 
month={June},}

@INPROCEEDINGS{6970594, 
author={M. Abomhara and G. M. Køien}, 
booktitle={2014 International Conference on Privacy and Security in Mobile Systems (PRISMS)}, 
title={Security and privacy in the Internet of Things: Current status and open issues}, 
year={2014}, 
pages={1-8}, 
keywords={Internet of Things;data privacy;security of data;Internet of Things;access control;data authentication;data confidentiality;data integrity;data privacy;data security;pervasive computing;ubiquitous computing;Access control;Computer architecture;Data privacy;Internet of Things;Privacy;Wireless sensor networks}, 
doi={10.1109/PRISMS.2014.6970594}, 
month={May},}

@article{ATZORI20102787,
title = "The Internet of Things: A survey",
journal = "Computer Networks",
volume = "54",
number = "15",
pages = "2787 - 2805",
year = "2010",
note = "",
issn = "1389-1286",
doi = "http://dx.doi.org/10.1016/j.comnet.2010.05.010",
url = "http://www.sciencedirect.com/science/article/pii/S1389128610001568",
author = "Luigi Atzori and Antonio Iera and Giacomo Morabito",
keywords = "Internet of Things",
keywords = "Pervasive computing",
keywords = "RFID systems"
}

@article{weber2010internet,
  title={Internet of Things--New security and privacy challenges},
  author={Weber, Rolf H},
  journal={Computer law \& security review},
  volume={26},
  number={1},
  pages={23--30},
  year={2010},
  publisher={Elsevier}
}

@INPROCEEDINGS{5940923, 
author={S. Babar and A. Stango and N. Prasad and J. Sen and R. Prasad}, 
booktitle={2011 2nd International Conference on Wireless Communication, Vehicular Technology, Information Theory and Aerospace Electronic Systems Technology (Wireless VITAE)}, 
title={Proposed embedded security framework for Internet of Things (IoT)}, 
year={2011}, 
pages={1-5}, 
keywords={Internet;embedded systems;hardware-software codesign;security of data;Internet of Thing;countermeasure;dynamic prevention;embedded security;energy consumption;life cycle;memory requirement;software-hardware co-design methodology;Cryptography;Decision support systems;Hardware;Indexes;Internet;Software;Cryptography;Embedded security;Internet of Things;Storage}, 
doi={10.1109/WIRELESSVITAE.2011.5940923}, 
month={Feb},}



@inproceedings{guthaus2001mibench,
  title={MiBench: A free, commercially representative embedded benchmark suite},
  author={Guthaus, Matthew R and Ringenberg, Jeffrey S and Ernst, Dan and Austin, Todd M and Mudge, Trevor and Brown, Richard B},
  booktitle={Workload Characterization, 2001. WWC-4. 2001 IEEE International Workshop on},
  pages={3--14},
  year={2001},
  organization={IEEE}
}

@Conference{      hohl98time,
  author        = {Fritz Hohl},
  title         = {Time Limited Blackbox Security: Protecting Mobile Agents
                  from Malicious Hosts},
  booktitle     = {Mobile Agents and Security},
  year          = {1998},
  pages         = {92--113},
  publisher     = {Springer-Verlag},
  note          = {Lecture Notes in Computer Science, Vol. 1419},
  url           = {http://citeseer.ist.psu.edu/hohl98time.html}
}

@inproceedings{wu2010framework,
  title={A framework for measuring the security of obfuscated software},
  author={Wu, Yongdong and Fang, Hui and Wang, Shuhong and Qi, Zhifeng},
  booktitle={Proc. of 2010 International Conference on Test and Measurement},
  year={2010}
}

@InCollection{    proebsting96optimizing,
  author        = "Todd Proebsting",
  title         = "Optimizing {ANSI C} with Superoperators",
  booktitle     = "POPL'96",
  publisher     = "ACM Press",
  month         = jan,
  year          = 1996
}

@InProceedings{   collberg98manufacturing,
  author        = {Christian Collberg and Clark Thomborson and Douglas Low},
  title         = {Manufacturing Cheap, Resilient, and Stealthy Opaque
                  Constructs},
  booktitle     = {ACM SIGPLAN-SIGACT Symposium on Principles of Programming
                  Languages 1998, POPL'98},
  year          = {1998},
  month         = jan
}

